1898 3190
222 166 338 203 XLIV
798 167 1135 204 PROLEGOMEN
1137 168 1179 206 A.

221 291 350 331 porro
381 276 426 318 in
458 276 657 319 conuiuio
683 276 869 332 quodam
900 276 1030 319 hilari
1055 277 1222 332 puellae
1254 279 1378 321 unice
1403 281 1572 322 amatae
1592 295 1649 322 se
1674 280 1747 322 ab·

223 349 387 389 sentem
418 347 560 390 iocum
590 347 726 390 fuisse
757 348 974 404 risumque
1004 351 1153 391 narrat
1182 351 1311 404 poeta
1341 349 1384 392 H
1416 351 1456 406 9,
1487 351 1541 393 21
1565 366 1644 407 sq.:
1697 372 1701 373 ⁷

401 430 515 480 Quin
547 431 678 473 etiam
710 431 846 474 multo
880 431 1036 474 duxisti
1070 432 1226 487 pocula
1255 433 1357 488 risu,

465 501 666 545 Forsitan
698 506 741 545 et
772 503 823 546 de
855 518 922 546 me
953 504 1087 546 uerba
1117 503 1236 546 fuere
1267 505 1390 548 mala.

223 598 336 640 hanc
369 599 513 640 autem
545 598 725 640 eandem
756 613 860 654 rem,
892 614 1002 655 quae
1034 599 1226 642 omnium
1257 600 1441 642 maxime
1472 604 1627 655 poetae
1658 616 1748 644 mo-

223 671 346 711 uerat
388 669 752 725 indignationem,
801 673 1023 725 praeterea
1077 673 1458 714 commemoratam
1506 671 1748 715 inuenimus

223 738 288 780 HI
320 739 388 794 24,
420 739 474 780 21
498 755 576 795 sq.:

402 822 531 865 Risus
563 839 681 866 eram
712 825 866 879 positis
898 825 1010 867 inter
1042 826 1242 868 conuiuia
1271 826 1444 881 mensis,

466 894 526 937 Et
556 895 607 937 de
637 910 705 937 me
736 897 907 951 poterat
938 896 1121 952 quilibet
1152 911 1245 939 esse
1275 897 1446 952 loquax.

223 976 418 1019 uidemus
457 978 590 1033 igitur
628 979 675 1020 in
713 979 851 1035 elegia
880 978 925 1021 II
956 980 982 1021 9
1021 980 1179 1036 attingi
1216 995 1267 1023 ea
1304 995 1413 1036 quae
1453 995 1541 1023 non
1571 981 1617 1022 in
1648 980 1750 1024 libri

225 1047 399 1092 secundi
429 1048 613 1104 initium,
644 1050 719 1092 sed
750 1051 796 1092 in
826 1051 945 1093 tertii
975 1051 1103 1093 finem
1136 1050 1359 1106 quadrant.

343 1119 423 1161 His
462 1120 645 1163 adiciam
684 1136 794 1177 quae
824 1136 910 1164 non
949 1123 1041 1164 tam
1073 1125 1191 1165 certa
1222 1123 1589 1166 demonstratione
1621 1139 1750 1179 quam

225 1205 354 1233 sensu
393 1191 600 1235 nitantur.
641 1193 830 1247 produnt
859 1193 972 1234 enim
998 1208 1149 1235 uersus
1169 1194 1242 1250 qui
1270 1195 1419 1236 extant
1442 1193 1486 1236 II
1505 1194 1546 1250 9,
1565 1195 1752 1248 37-40‚

224 1262 413 1305 49-52
464 1266 507 1305 et
550 1262 594 1304 ΙΙ
626 1264 673 1319 8,
708 1264 892 1307 13-28
942 1264 1140 1307 ultimam
1187 1267 1340 1320 poetae
1389 1265 1751 1320 desperationem:

226 1334 426 1376 omnibus
458 1334 620 1376 frustra
650 1335 877 1390 temptatis
908 1350 997 1378 non
1027 1336 1213 1391 amplius
1240 1338 1385 1392 sperat
1413 1336 1507 1379 fore
1535 1339 1584 1379 ut
1607 1336 1751 1392 puella

228 1420 306 1447 sua
336 1404 492 1460 pudica
522 1405 693 1461 fidaque
724 1421 818 1449 esse
851 1407 969 1449 uelit.
1011 1409 1054 1449 et
1085 1422 1182 1450 cum
1212 1407 1295 1450 hac
1326 1407 1625 1463 desperatione
1656 1423 1753 1451 con-

225 1476 395 1519 iunctus
435 1479 501 1519 est
533 1491 725 1519 summus
759 1475 974 1533 Cynthiae
1012 1481 1306 1533 contemptus,
1343 1478 1470 1521 facile
1501 1481 1552 1521 ut
1581 1494 1752 1535 persen-

226 1548 434 1590 tiscamus
467 1562 577 1604 eum,
608 1548 682 1604 qui
713 1549 846 1592 uerba
876 1551 968 1591 tam
1001 1550 1155 1592 acerba
1187 1550 1237 1592 de
1268 1549 1346 1592 illa
1374 1550 1578 1606 loquatur
1609 1550 1754 1605 qualia

219 1620 430 1675 leguntur
469 1619 516 1661 in
556 1619 801 1675 fragmento
838 1619 882 1662 II
917 1621 989 1676 11,
1028 1620 1186 1663 abhinc
1223 1621 1311 1663 iam
1351 1636 1438 1664 non
1477 1623 1568 1663 tam
1609 1621 1753 1664 dulces

226 1705 378 1732 uersus
422 1705 515 1733 esse
561 1692 902 1746 compositurum
945 1692 1094 1747 quales
1139 1693 1182 1734 et
1223 1692 1333 1734 liber
1370 1691 1412 1734 H
1453 1691 1669 1747 posterior
1711 1694 1755 1735 et

226 1762 365 1804 iniens
397 1761 464 1804 III
496 1762 701 1804 exhibent
733 1762 840 1804 haut
876 1773 1037 1818 paucos
1052 1760 1109 1819 ²¹⁵).

346 1833 401 1876 Ei
419 1834 554 1890 igitur
575 1834 761 1889 tempori
781 1849 865 1888 quo
885 1834 1135 1889 Propertius
1157 1833 1374 1889 Cynthiae
1393 1833 1601 1876 ualedixit
1618 1832 1754 1891 (quod

227 1906 397 1960 tempus
436 1905 548 1947 liber
576 1904 643 1948 HI
681 1907 899 1948 extremus
936 1905 1062 1948 nobis
1094 1903 1308 1961 depingit)
1347 1919 1519 1948 carmen
1549 1904 1592 1947 H
1622 1905 1649 1947 9
1682 1905 1753 1947 ad-

228 1976 499 2018 scribendum
532 1979 613 2033 est3
655 1977 874 2032 eidemque
915 1977 1038 2019 unice
1077 1977 1339 2019 conueniunt
1378 1977 1512 2018 uerba
1548 1990 1657 2031 quae
1696 1976 1754 2018 le-

227 2050 388 2103 guntur
418 2046 462 2089 Π
494 2049 540 2103 8,
575 2048 628 2090 13
650 2063 729 2104 sq.:

406 2131 526 2187 Ergo
558 2133 650 2174 tam
681 2132 841 2174 multos
872 2131 1053 2174 nimium
1084 2130 1338 2173 temerarius
1370 2145 1518 2186 annos,

470 2202 687 2258 Improba,
718 2203 792 2258 qui
822 2202 996 2245 tulerim
1027 2205 1154 2258 teque
1184 2204 1389 2258 tuamque
1420 2201 1606 2244 domum.

230 2298 267 2340 si
298 2297 341 2339 II
373 2298 398 2340 8
432 2312 532 2340 uere
564 2297 618 2340 ad
649 2298 823 2340 initium
850 2297 1025 2340 secundi
1050 2297 1283 2339 uoluminis
1314 2296 1559 2352 pertineret,
1589 2298 1755 2352 poetae,

232 2368 306 2423 qui
337 2371 431 2410 tum
463 2368 569 2412 duos
601 2384 678 2424 per
709 2383 862 2424 annos,
893 2383 990 2411 cum
1019 2368 1267 2423 plurimum,
1299 2366 1534 2423 Cynthiam
1566 2367 1755 2422 amabat,

230 2440 351 2481 nullo
383 2442 511 2495 pacto
545 2439 658 2482 ‘tam
695 2440 856 2483 multos
895 2438 1052 2482 annos'
1083 2439 1243 2481 iactare
1282 2438 1486 2481 licuisset.
1547 2439 1594 2480 at
1632 2437 1756 2480 licuit

231 2525 280 2553 eo
312 2514 506 2567 tempore
538 2526 622 2567 quo
654 2511 762 2554 dixit
791 2511 858 2554 ΠΙ
888 2511 967 2567 24,
999 2511 1055 2553 23
1088 2509 1299 2566 ‘quinque
1329 2509 1411 2551 tibi
1441 2508 1565 2564 potui
1596 2508 1755 2551 seruire

229 2581 414 2624 fideliter
445 2582 610 2639 annos',
641 2583 724 2626 hoc
756 2585 835 2638 est,
866 2596 951 2637 quo
980 2581 1198 2624 abdicauit
1224 2579 1470 2636 Oynthiam.

327 2747 362 2793 ³¹³)
390 2748 552 2784 mirabar
578 2747 688 2783 simul
714 2749 827 2793 atque
846 2746 1066 2792 gaudebam,
1092 2757 1176 2781 cum
1195 2743 1444 2789 Fonteiuium,
1470 2743 1530 2779 cui
1549 2743 1596 2779 de
1621 2743 1755 2780 ceteris

234 2808 439 2844 carminum
465 2809 499 2843 II
527 2811 641 2842 7-—13
668 2806 786 2842 turbis
804 2806 859 2842 nil
877 2805 1085 2850 subolebat,
1109 2806 1237 2840 tamen
1255 2814 1418 2850 pannum
1443 2802 1551 2837 illum
1575 2802 1611 2836 II
1637 2806 1679 2837 11
1707 2802 1755 2838 ad

231 2868 285 2903 111
311 2871 356 2902 24
382 2867 566 2913 pertinere
592 2865 836 2902 conicientem
861 2865 1037 2901 uiderem.
1077 2864 1218 2910 optime
1243 2863 1360 2910 igitur
1384 2862 1449 2898 illc
1476 2861 1601 2905 sensit,
1627 2872 1754 2906 quem-

231 2939 318 2963 nam
344 2927 459 2962 animi
484 2925 660 2962 affectum
685 2937 812 2961 uersus
839 2925 896 2960 illi
921 2924 1074 2970 spirent.

1892 262 1898 293 l

1892 299 1898 332 l

1894 411 1898 440 Ι

1895 479 1898 499 1
