1898 3190
655 159 919 196 ΡΒΟΡΕΒΤΠ
942 158 1034 194 LIB.
1058 159 1111 196 Π)
1130 163 1188 196 29.
1626 157 1683 198 89

221 282 265 314 15
279 270 398 321 Quae
428 285 526 312 cum
557 269 757 312 Sidoniae
787 270 1001 311 nocturna
1033 267 1241 323 ligamina
1271 266 1425 308 mitrae

339 340 544 393 Soluerit,
575 343 704 395 atque
735 339 882 382 oculos
912 338 1098 381 mouerit
1127 338 1202 380 illa
1234 351 1409 393 graues,

279 412 515 455 Adflabunt
543 412 625 454 fibi
654 426 743 454 non
772 411 967 454 Arabum
997 411 1051 452 de
1081 410 1277 466 gramine
1307 409 1479 464 odores,

340 482 422 526 Sed
453 497 559 538 quos
590 483 684 537 ipse
715 482 803 524 suis
835 481 938 523 fecit
966 481 1105 523 Amor
1134 481 1347 522 manibus.

279 554 448 597 Parcite
478 554 585 607 iam,
615 552 789 594 fratres:
819 552 906 594 iam
936 554 1077 594 certos
1109 551 1293 606 spondet
1324 565 1492 593 amores
1505 584 1516 605 ,

220 635 267 667 20
338 624 399 667 Et
427 624 515 666 iam
547 623 602 666 ad
631 623 880 666 mandatam
910 623 1108 665 uenimus
1138 637 1234 665 ecce
1271 621 1474 665 domum?

282 696 423 752 Atque
454 697 518 738 ita
548 710 615 738 me
647 695 806 737 iniecto
837 695 1059 737 soluerunt
1089 709 1237 736 rursus
1270 694 1450 736 amictu:

339 766 382 808 ‘I
410 782 540 821 nunc,
572 770 616 809 et
644 768 794 809 noctes
825 765 940 807 disce
971 779 1145 807 manere
1176 763 1319 807 domi?

277 837 407 879 Mane
438 840 547 892 erat,
579 840 623 879 et
653 837 789 891 uolui,
821 837 857 878 si
889 836 982 878 sola
1013 836 1251 890 quiesceret
1280 835 1373 885 illa,

338 907 507 950 Visere:
538 910 583 950 et
611 908 657 950 in
687 907 798 949 lecto
830 905 1018 962 Cynthia
1049 907 1144 949 sola
1173 906 1265 948 fuit.

219 989 265 1020 25
278 977 511 1034 Obstupui:
542 993 631 1021 non
660 978 736 1020 illa
766 978 873 1019 mihi
904 977 1140 1020 formosior
1169 990 1372 1033 umquam

337 1048 444 1092 Visa
474 1047 648 1105 (neque,
679 1048 844 1090 ostrina
875 1062 971 1090 cum
1003 1048 1085 1090 fuit
1115 1048 1159 1089 in
1190 1047 1357 1102 tunica,

276 1120 375 1163 Ibat
405 1123 449 1163 et
478 1120 581 1162 hinc
612 1122 757 1163 castae
786 1123 1010 1162 narratum
1042 1119 1210 1162 somnia
1240 1118 1419 1172 Vestae,

335 1190 432 1233 Neu
463 1191 548 1233 sibi
577 1205 686 1233 neue
717 1190 824 1232 mihi
856 1205 964 1246 quae
994 1190 1192 1232 nocitura
1222 1189 1402 1245 forent),

278 1261 429 1312 Qualis
460 1262 556 1304 uisa
586 1262 695 1304 mihi
727 1276 878 1304 somno
910 1261 1087 1303 dimissa
1116 1261 1299 1303 recenti:

223 1343 270 1375 30
340 1332 410 1375 En
442 1337 648 1390 quantum
678 1349 756 1389 per
787 1349 832 1376 se
863 1332 1043 1376 candida
1073 1333 1214 1375 forma
1245 1333 1379 1375 ualet!

280 1402 409 1453 ‘Quid
437 1408 488 1448 tu
517 1404 770 1448 matutinus'
803 1405 866 1447 ait
897 1404 1156 1459 ‘speculator
1186 1403 1378 1446 amicae?

338 1474 410 1517 Me
441 1476 626 1518 similem
656 1475 813 1518 uestris
844 1475 1038 1517 moribus
1070 1489 1164 1517 esse
1195 1475 1354 1529 putas?

276 1545 377 1588 Non
407 1560 487 1603 ego
518 1549 609 1589 tam
638 1547 796 1589 facilis:
828 1549 897 1588 sat
926 1546 1008 1588 erit
1038 1546 1144 1587 mihi
1176 1546 1375 1601 cognitus
1407 1561 1536 1597 unus,

340 1616 423 1658 Vel
452 1619 502 1658 tu
532 1618 602 1659 uel
634 1617 671 1659 si
702 1617 797 1672 quis
827 1617 971 1659 uerior
1001 1631 1095 1658 esse
1126 1618 1283 1671 potest.

223 1696 269 1728 35
281 1685 508 1742 Apparent
536 1703 622 1730 non
654 1687 743 1729 ulla
773 1690 870 1730 toro
901 1687 1088 1743 uestigia
1117 1702 1285 1742 presso,

338 1756 472 1813 Signa
501 1759 757 1814 uoluptatiS‚
788 1773 867 1800 nec
897 1758 1080 1800 iacuisse
1111 1757 1230 1800 duOS.

254 1967 346 2003 VAn.
371 1981 470 2003 nnc-r.
522 1971 659 2004 15-18
684 1969 834 2004 aliunde
858 1970 993 2004 inlatos
1011 1973 1123 2015 putat
1148 1967 1369 2005 Fonteinius
1394 1971 1406 2015 Ι]
1438 1974 1481 2004 15
1508 1970 1685 2015 sydoniae

162 2029 195 2060 Ι
223 2027 237 2071 Ι
269 2031 312 2062 16
343 2026 428 2073 illa]
454 2027 541 2062 inde
572 2028 931 2073 Waardenburyius3
956 2029 1080 2063 malim
1105 2028 1191 2073 igne
1227 2030 1240 2072 Ι
1278 2033 1321 2064 17
1360 2028 1453 2062 Adfl.
1479 2032 1507 2061 ἲ
1526 2031 1574 2063 1⁸:
1599 2029 1684 2063 Affl.

163 2120 271 2155 ceteri
305 2121 320 2165 Ι
349 2123 393 2155 21
418 2130 478 2154 me
502 2119 542 2155 in
566 2120 664 2156 lecto
689 2120 874 2156 duxerunt
898 2125 923 2156 0
949 2095 1036 2166 (dix.
1062 2124 1125 2166 F);
1150 2121 1287 2157 iniecto
1313 2133 1351 2165 ς;
1377 2122 1430 2157 mi
1450 2143 1493 2148 -—
1514 2123 1687 2158 dixerunt

163 2178 360 2222 Heinsius,
391 2190 473 2214 cum
505 2182 624 2214 tamen
654 2180 790 2215 amictu
819 2181 1010 2224 priuatum
1042 2192 1114 2216 esse
1137 2184 1282 2225 poetam
1314 2192 1493 2226 nusquam
1526 2183 1685 2227 leyatur3

160 2238 259 2273 unde
293 2237 484 2273 soluerunt
512 2238 645 2282 scripsi
675 2237 847 2283 (iniectus
880 2239 1039 2274 amictus
1070 2243 1120 2275 est
1156 2240 1276 2276 nodus
1307 2252 1343 2274 u.
1373 2243 1430 2285 10)
1473 2242 1487 2285 ΙΙ
1528 2252 1552 2275 a
1576 2253 1613 2276 u.
1640 2245 1685 2276 23

160 2306 296 2331 nouam
319 2297 467 2341 eleyiam
491 2297 610 2331 ordiri
633 2297 753 2331 uoluit
778 2297 942 2342 Guyetus
979 2299 993 2344 ss
1029 2302 1075 2334 24
1099 2300 1138 2334 et
1162 2309 1203 2336 ςε
1229 2300 1270 2334 at
1294 2301 1319 2332 0
1354 2300 1368 2344 ΙΙ
1403 2303 1447 2334 25
1476 2298 1623 2345 Ostipui
1647 2304 1686 2343 r,

161 2365 252 2390 corr.
271 2366 340 2400 my.
360 2366 404 2390 m.
425 2358 451 2390 2
470 2355 484 2399 ΙΙ
501 2358 546 2390 26
570 2365 639 2389 nec
657 2357 688 2388 V
711 2366 757 2390 m.
783 2359 809 2390 2
831 2356 838 2401 Ι
857 2357 1047 2399 {ostrina
1065 2360 1095 2390 V
1112 2359 1126 2401 fl
1143 2361 1187 2392 27
1208 2361 1241 2392 et
1258 2361 1303 2392 28
1323 2361 1409 2402 post
1427 2362 1473 2392 40
1493 2360 1688 2403 transponi

161 2414 246 2453 uult,
268 2413 489 2448 Fonteinius
520 2414 534 2458 fl
564 2416 609 2447 27
634 2412 813 2448 narrabat
836 2417 864 2447 P
887 2415 1090 2450 narrabant
1112 2418 1143 2448 V
1167 2427 1235 2460 my.
1260 2428 1306 2451 m.
1332 2419 1359 2451 2
1389 2417 1402 2461 ΙΙ
1432 2420 1477 2451 28
1503 2416 1584 2451 Neu
1608 2420 1637 2450 P
1655 2420 1687 2451 11

160 2473 206 2514 (V
230 2483 275 2506 m.
300 2473 358 2515 2).
383 2471 468 2507 Non
491 2475 520 2505 1)
540 2473 570 2504 V
605 2473 619 2517 Ι
654 2475 699 2506 29
737 2471 865 2514 Qualis
890 2473 1297 2509 Broukhusius.'1'alis
1323 2477 1367 2518 0,
1391 2485 1461 2519 quo
1485 2479 1620 2510 retento
1644 2478 1686 2510 ut

157 2540 231 2574 pro
253 2530 295 2565 et
315 2541 353 2565 u.
379 2534 424 2565 27
449 2530 710 2565 Lachmannus
730 2531 737 2576 1
758 2530 911 2567 dimissa
930 2543 968 2570 ς·
994 2533 1155 2568 demissa
1174 2536 1199 2567 0
1218 2534 1231 2577 fl
1250 2537 1295 2568 30
1320 2533 1377 2567 En
1396 2533 1442 2568 L.
1466 2534 1691 2570 Muellerus:

162 2587 295 2624 Reno
329 2588 609 2624 OSchraderus
650 2589 663 2633 Ε
699 2593 742 2623 31
771 2588 1685 2637 Quidn,Vm.1·Quodrn(etvexcorr.)

162 2647 243 2689 Quo
267 2656 290 2684 ς
333 2649 339 2689 Ι
385 2647 579 2683 matutinis
603 2652 633 2681 1)
678 2650 683 2691 Ι
729 2647 848 2683 amice
872 2651 899 2682 0
924 2649 1012 2693 (πωι
1036 2652 1081 2694 1¹)
1111 2651 1125 2695 ΙΙ
1159 2654 1205 2685 34
1230 2650 1364 2686 certior
1388 2651 1567 2686 Heinsius
1596 2653 1610 2695 fl
1639 2656 1683 2686 35

161 2705 272 2741 thoro
294 2709 324 2740 1
342 2708 374 2740 1¹
395 2708 400 2750 Ι
420 2717 548 2751 pressa
570 2709 598 2740 1?
629 2707 642 2751 fl
673 2711 718 2742 36
743 2705 948 2752 uoluptatis
973 2712 1002 2742 Ι)
1021 2711 1070 2744 V:
1097 2709 1303 2745 uoluntatis
1325 2714 1353 2744 r
1371 2713 1404 2744 18
1428 2710 1685 2745 uolutantisr

161 2775 208 2799 m.
232 2767 259 2800 2
285 2765 394 2809 (quod
423 2765 488 2810 qui
521 2765 699 2812 Cynthiae
730 2765 787 2801 ori
816 2767 1008 2802 conuenire
1036 2771 1189 2813 neyant,
1221 2779 1298 2804 eam
1328 2770 1555 2814 contemptim
1587 2770 1686 2813 loqui

163 2822 443 2867 oblinimus-tur)
465 2826 471 2865 1
491 2834 560 2859 nec
584 2827 614 2857 V
639 2835 706 2869 my.
733 2835 777 2859 m.
797 2827 842 2869 2,
866 2827 915 2859 1:
938 2836 1014 2861 non
1033 2829 1075 2870 0,
1099 2827 1196 2862 unde
1219 2827 1424 2863 uolutantis
1450 2827 1679 2864 coniacuisse

163 2881 300 2917 conieci
326 2881 435 2918 Misc.
462 2881 553 2917 Urit.
572 2893 613 2928 p.
640 2886 685 2918 93
