1898 3190
245 167 303 210 62
752 169 1010 206 PROPERTII
1034 170 1122 206 LIB.
1148 171 1194 208 II.
1220 174 1277 208 15.

359 275 460 320 Non
491 279 612 320 iuuat
642 279 687 321 in
719 293 844 322 caeco
876 278 1088 322 Venerem
1121 294 1389 335 corrumpere
1420 283 1560 324 motu:

422 347 467 390 Si
497 349 654 400 nescis,
687 350 799 392 oculi
830 354 931 393 sunt
962 351 1007 393 in
1039 366 1181 394 amore
1214 351 1353 396 duces.

360 419 459 475 Ipse
491 420 613 463 Paris
645 421 761 463 nuda
791 421 930 464 fertur
959 423 1139 478 periisse
1170 423 1384 479 Lacaena,

419 489 527 533 Oum
558 491 782 536 Menelaeo
816 497 1012 550 surgeret
1043 509 1065 536 e
1096 495 1305 537 thalamo:

301 572 344 603 15
358 560 509 604 Nudus
543 565 586 604 et
616 562 864 618 Endymion
894 564 1057 608 Phoebi
1089 563 1252 620 cepisse
1290 580 1482 608 sororem

417 633 589 675 Dicitur
621 636 664 676 et
693 634 831 677 nudae
863 636 1144 678 concubuisse
1177 636 1292 679 deae.

360 703 482 753 Quod
514 705 550 746 si
582 706 842 759 pertendens
875 707 1020 749 animo
1052 707 1211 749 uestita
1242 707 1430 763 cubaris⁷

419 774 563 818 Scissa
595 779 714 819 ueste
745 792 863 819 meas
895 778 1112 832 experiere
1143 793 1316 821 manus:

359 846 472 896 Quin
504 848 653 900 etiam,
686 848 723 890 si
754 863 822 890 me
853 849 1033 891 ulterius
1064 850 1312 904 prouexerit
1341 850 1424 905 ira,

300 927 344 959 20
419 917 629 960 Ostendes
663 919 793 961 matri
825 920 1003 962 brachia
1033 920 1151 962 laesa
1181 923 1292 963 tuae.

358 987 552 1030 Necdum
583 989 816 1032 inclinatae
847 990 1078 1045 prohibent
1109 993 1151 1032 te
1183 990 1328 1033 ludere
1359 1005 1592 1033 mammae:

417 1059 587 1102 Viderit
616 1060 716 1117 hoc,
749 1061 786 1103 si
818 1076 948 1117 quam
978 1062 1066 1103 iam
1098 1062 1317 1117 peperisse
1348 1062 1494 1117 pudet.

357 1130 471 1172 Dum
501 1145 581 1173 nos
612 1131 706 1174 fata
737 1132 901 1187 sinunt,
933 1133 1078 1175 oculos
1111 1133 1317 1176 satiemus
1349 1148 1513 1176 amore:

413 1200 512 1244 Nox
542 1202 627 1244 tibi
657 1202 790 1258 longa
820 1203 961 1259 uenit,
991 1219 1069 1246 nec
1100 1203 1289 1247 reditura
1319 1204 1423 1247 dies.

296 1284 340 1315 25
355 1272 498 1328 Atque
530 1273 951 1316 utinamhaerentes
984 1275 1045 1317 sic
1077 1290 1156 1317 nos
1188 1275 1348 1318 uincire
1379 1277 1532 1318 catena

413 1344 576 1400 Vellet,
607 1345 671 1386 uti
703 1360 937 1401 numquam
970 1346 1158 1388 solueret
1188 1347 1279 1388 ulla
1310 1346 1421 1388 dies!

352 1415 562 1471 Exemplo
594 1417 765 1458 iunctae
796 1416 877 1458 tibi
909 1417 996 1458 sint
1027 1417 1072 1458 in
1103 1431 1249 1460 amore
1282 1417 1528 1470 columbae,

387 1486 629 1543 ¹Masculus
662 1489 706 1529 et
735 1489 877 1529 totum
908 1487 1070 1529 femina
1101 1488 1359 1544 coniugium.

351 1557 502 1614 Errat,
535 1559 607 1614 qui
640 1558 770 1601 finem
802 1559 949 1600 uesani
981 1560 1151 1615 quaerit
1182 1560 1361 1602 amoris:

294 1640 339 1671 30
413 1629 554 1672 Verus
587 1645 708 1672 amor
738 1630 902 1671 nullum
935 1631 1059 1673 nouit
1089 1631 1249 1674 habere
1280 1630 1469 1673 modum.

356 1700 490 1743 Terra
521 1701 641 1756 prius
674 1701 784 1743 falso
815 1702 942 1755 partu
976 1701 1147 1743 deludet
1178 1703 1368 1758 arantes,

412 1772 472 1814 Et
504 1772 631 1814 citius
663 1772 811 1828 nigros
845 1770 919 1814 Sol
951 1773 1136 1829 agitabit
1167 1788 1319 1828 equos,

353 1842 634 1899 Fluminaque
667 1843 722 1885 ad
752 1847 882 1899 caput
913 1844 1119 1899 incipient
1149 1859 1349 1887 reuocare
1381 1844 1592 1900 liquores,

414 1914 569 1956 Aridus
602 1917 645 1956 et
676 1914 787 1958 sicco
820 1915 992 1971 gurgite
1024 1915 1154 1969 piscis
1188 1915 1287 1970 erit,

295 1996 340 2027 35
357 1985 498 2035 Quam
529 1986 692 2040 possim
723 1988 896 2028 nostros
927 1986 1011 2028 alio
1043 1986 1276 2028 transferre
1309 1987 1488 2028 calores:

412 2056 552 2099 Huius
585 2071 657 2099 ero
690 2058 833 2113 uiuus,
864 2059 1058 2100 mortuus
1091 2057 1220 2099 huius
1251 2072 1335 2100 ero.

329 2257 419 2293 Vin.
446 2271 543 2294 Lacr.
596 2262 639 2292 13
665 2257 803 2303 perisse
828 2261 855 2291 F
880 2270 925 2294 m.
952 2261 972 2292 1
1010 2258 1022 2302 ΙΙ
1061 2261 1105 2291 14
1137 2257 1307 2292 menelao
1333 2260 1360 2290 F
1379 2259 1410 2290 R
1446 2258 1459 2302 ΙΙ
1496 2259 1539 2291 15
1571 2255 1707 2292 eudim.
1732 2259 1760 2290 F

236 2317 371 2353 endim.
398 2320 429 2351 N
465 2318 478 2362 ΙΙ
516 2321 559 2352 16
595 2316 717 2351 nudae
742 2320 961 2362 suspectum3
987 2316 1128 2351 nitidae
1154 2317 1201 2351 A.
1230 2316 1393 2360 Palmer,
1418 2316 1543 2351 malim
1567 2314 1724 2360 cupidae
1747 2316 1760 2362 Η

238 2380 374 2411 17-22
402 2387 477 2411 non
500 2377 612 2411 huius
637 2377 706 2411 loci
731 2387 802 2411 esse
825 2379 911 2411 sunt
935 2376 1011 2410 uisi
1035 2375 1234 2411 Fonteinio
1269 2376 1283 2420 ΙΙ
1321 2379 1363 2410 17
1397 2374 1544 2410 cubaris
1571 2375 1758 2410 eretus:

235 2436 388 2470 cubares
415 2439 439 2469 0
470 2437 483 2481 ΙΙ
516 2439 558 2470 18
585 2435 687 2471 sissa
710 2440 738 2469 1>
761 2438 765 2480 Ι
788 2446 904 2481 esper.
930 2439 957 2468 F
988 2436 1000 2479 ΙΙ
1032 2438 1073 2469 19
1100 2434 1196 2477 Quin
1221 2434 1350 2480 etiam]
1378 2432 1479 2476 Q'uis
1503 2437 1547 2478 F,
1573 2444 1664 2470 corr.
1689 2444 1757 2479 mq.

234 2507 279 2530 m.
305 2499 330 2531 2
354 2502 359 2539 Ι
382 2495 413 2542 si
442 2507 501 2539 me
528 2495 558 2530 si
585 2507 643 2530 me
663 2498 693 2529 V
711 2497 723 2540 ΙΙ
742 2499 788 2530 20
813 2494 988 2530 bracchia
1005 2499 1034 2528 D
1049 2498 1076 2527 F
1090 2497 1119 2527 V
1137 2495 1150 2539 ΙΙ
1169 2498 1212 2529 21
1239 2493 1461 2539 prohibente
1480 2492 1503 2527 l.
1524 2495 1552 2526 P
1575 2503 1620 2528 m.
1641 2496 1661 2527 1
1681 2494 1694 2538 ΙΙ
1713 2495 1758 2527 22

234 2556 306 2590 hoc
330 2560 359 2589 D
378 2558 425 2590 V:
452 2555 574 2600 h(a)ec
599 2559 626 2588 F
645 2558 676 2588 N
711 2556 724 2600 ss
754 2558 799 2589 23
826 2554 1006 2590 saciemus
1031 2556 1055 2587 0
1087 2555 1100 2599 ΙΙ
1131 2557 1176 2588 25
1201 2554 1395 2588 haerentes
1419 2551 1543 2587 Venus
1569 2562 1591 2587 ο
1616 2550 1757 2586 uincire

234 2614 411 2649 Eldikius
442 2614 512 2658 sic,
544 2614 644 2659 Nox,
677 2613 816 2649 uincire
843 2613 942 2648 Guil.
973 2613 1171 2647 Fischerus
1196 2611 1354 2656 Cythere
1379 2621 1452 2655 pro
1478 2610 1609 2645 catena
1637 2608 1757 2656 θαμε-

234 2677 293 2708 tus
310 2675 323 2719 ΙΙ
341 2677 386 2709 26
407 2672 533 2708 Vellet
551 2673 606 2708 uti
624 2674 772 2718 scripsi:
799 2673 924 2708 Vellet
942 2674 984 2707 ut
1003 2676 1030 2705 F
1055 2671 1182 2707 Velles
1206 2671 1249 2706 ut
1273 2675 1301 2705 1>
1321 2673 1350 2704 V
1368 2673 1400 2704 R
1419 2670 1466 2714 (F
1483 2680 1529 2704 m.
1548 2669 1589 2714 2)
1608 2667 1759 2704 Vellent

235 2733 324 2776 (scil.
351 2731 443 2777 fata)
469 2734 511 2767 ut
536 2732 778 2768 Burmannus
799 2743 918 2777 praue
957 2733 961 2775 Ι
1001 2730 1081 2765 ulla
1105 2730 1200 2775 dies]
1227 2729 1342 2764 Idalie
1367 2729 1628 2764 Lachmawrms
1662 2727 1675 2772 ΙΙ
1711 2729 1756 2762 27

234 2791 381 2827 uinctae
406 2794 437 2825 N
458 2793 464 2836 1
487 2791 562 2826 sint
586 2794 615 2824 V
640 2803 684 2827 m.
711 2794 737 2827 2
763 2802 873 2835 corr„
898 2794 947 2825 N:
974 2790 1060 2824 sunt
1080 2792 1104 2822 0
1123 2791 1136 2834 ΙΙ
1154 2793 1198 2823 29
1228 2789 1316 2824 Erat
1333 2791 1364 2821 N
1383 2799 1428 2823 m.
1448 2791 1468 2821 1
1488 2787 1562 2832 1131
1589 2788 1756 2822 amantes

234 2854 278 2895 Ε,
304 2861 395 2886 corr.
422 2861 489 2895 my.
515 2861 559 2885 m.
586 2851 705 2895 21132
732 2850 845 2886 cicius
869 2853 899 2883 V
927 2851 939 2894 ΙΙ
976 2853 1020 2884 35
1047 2848 1165 2894 possit
1189 2851 1220 2881 N
1242 2849 1247 2892 Ι
1269 2847 1410 2882 calores
1434 2846 1656 2881 Beroaldus:
1691 2845 1754 2881 do-

232 2909 330 2944 lores
355 2913 379 2944 0
408 2910 420 2954 ΙΙ
448 2914 491 2944 36
518 2910 642 2955 uiuus]
671 2908 779 2943 minis
804 2913 849 2954 F,
875 2919 966 2943 corr.
991 2918 1059 2953 my.
1085 2919 1130 2943 m.
1157 2911 1183 2943 2
