1898 3190
645 149 909 186 PROPERTII
931 149 1023 186 LIB.
1047 149 1111 186 IV.
1135 153 1172 186 4.
1590 149 1675 191 167

268 258 380 309 Quid
408 261 504 301 tum
533 258 675 301 Roma
702 259 806 314 fuit,
835 259 1012 301 tubicen
1041 258 1184 301 uicina
1214 257 1377 301 Curitis

211 341 256 373 10
328 329 437 373 Cum
467 332 666 385 quateret
693 331 812 372 lento
842 344 1061 372 murmure
1092 345 1197 372 saxa
1225 329 1376 372 Iouis?

210 401 415 443 13Murus
445 403 569 443 erant
598 403 789 455 montes;
819 400 895 442 ubi
923 412 1038 443 nunc
1068 404 1135 443 est
1165 400 1285 442 curia
1315 403 1457 455 septa,

209 482 255 514 14
325 471 516 514 Bellicus
548 487 599 514 ex
629 472 706 515 illo
735 472 858 514 fonte
888 472 1068 514 bibebat
1098 486 1251 527 equus3

209 554 252 585 11
265 542 410 598 Atque
440 543 515 585 ubi
545 558 661 585 nunc
690 543 820 585 terris
852 543 1051 585 dicuntur
1080 543 1176 584 iura
1205 543 1416 597 subactis,

209 625 253 656 12
326 612 512 656 Stabant
540 613 740 656 Romano
770 615 861 668 pila
891 612 1052 656 Sabina
1081 613 1188 656 foro.

230 684 405 728 3Lucus
437 688 530 727 erat
558 685 663 727 felix
691 685 901 728 hederoso
933 699 1147 727 concauus
1178 687 1328 740 antro,

323 755 546 812 Multaque
576 756 738 798 natiuis
768 757 981 811 obstrepit
1011 756 1140 798 arbor
1170 756 1311 811 aquis,

229 836 251 868 5
265 825 430 869 Siluani
458 841 632 869 ramosa
662 826 834 883 domus,
859 842 943 882 quo
975 827 1111 868 dulcis
1143 827 1199 868 ab
1231 830 1353 869 aestu
1400 854 1404 855 ν

228 908 251 939 6
322 896 493 939 Fistula
520 900 701 952 poturas
732 898 796 940 ire
825 899 1004 940 iubebat
1034 911 1152 939 oues.

206 978 250 1010 15
262 967 349 1011 Hic
379 968 565 1023 Tarpeia
594 968 892 1010 deae-fontem
922 967 1097 1022 libauit;
1130 970 1174 1009 et
1202 967 1269 1009 illi

322 1037 517 1094 Urgebat
545 1039 735 1081 medium
764 1039 910 1082 fictilis
939 1053 1049 1081 urna
1079 1042 1221 1093 caput.

894 1137 918 1161 *

774 1196 799 1220 *
1011 1196 1036 1220 *

258 1265 320 1307 Et
349 1265 458 1307 satis
487 1279 574 1306 una
603 1265 744 1306 malae
774 1264 918 1318 potuit
947 1277 1064 1305 mors
1095 1277 1190 1305 esse
1220 1263 1407 1317 puellae,

320 1334 439 1386 Quae
469 1336 608 1378 uoluit
636 1335 835 1377 flammas
865 1333 1032 1388 fallere,
1062 1333 1214 1387 Vesta,
1244 1334 1371 1376 tuas?

261 1406 386 1450 Vidit
416 1407 608 1449 arenosis
639 1406 812 1448 Tatium
841 1405 1069 1460 proludere
1100 1405 1265 1459 campis

200 1489 247 1521 20
317 1477 526 1533 Pictaque
554 1492 632 1532 per
660 1477 798 1518 flauas
830 1490 931 1518 aera
960 1476 1104 1518 leuare
1133 1475 1271 1517 iubas.

260 1548 495 1604 Obstupuit
524 1548 638 1604 regis
668 1548 779 1589 facie
809 1549 854 1588 et
883 1546 1101 1603 regalibus
1133 1546 1282 1597 armis,

316 1620 518 1674 Interque
549 1619 706 1661 oblitas
737 1617 894 1660 excidit
922 1632 1033 1659 urna
1062 1631 1228 1659 manus.

260 1690 399 1746 Saepe
426 1691 504 1732 illa
534 1690 759 1732 inmeritae
790 1691 969 1730 causata
1000 1690 1068 1730 est
1098 1688 1244 1730 omina
1273 1688 1400 1731 lunae

317 1761 378 1803 Et
408 1760 491 1803 sibi
520 1760 750 1815 tingendas
781 1759 890 1801 dixit
917 1760 965 1801 in
995 1774 1121 1802 amne
1152 1774 1316 1815 comas3

200 1843 246 1875 25
260 1831 394 1886 Saepe
424 1831 527 1873 tulit
556 1830 728 1873 blandis
761 1834 966 1887 argentea
994 1831 1088 1872 lilia
1116 1829 1352 1886 Nymphis,

233 1936 326 1971 Vn-
351 1948 452 1971 nnc-r.
501 1939 523 1970 9
546 1936 628 1970 tum
651 1939 680 1969 r
703 1947 750 1971 m.
775 1939 823 1979 2,
847 1939 878 1970 V
902 1946 1012 1979 corr„
1036 1938 1087 1970 lt:
1113 1946 1197 1970 cum
1222 1938 1247 1969 0
1282 1936 1289 1979 1
1321 1935 1474 1971 tubicen
1498 1947 1543 1971 ex
1565 1935 1665 1971 tubi-

141 2007 225 2032 cem
248 1998 280 2030 V
300 1997 307 2040 Ι
328 1994 465 2030 Curitis
488 1996 568 2031 siue
584 1993 746 2038 ‘Quiritis
770 1995 970 2041 Berykius:
996 1994 1141 2030 Curetis
1168 1996 1224 2039 01
1250 1999 1294 2030 10
1319 1994 1414 2030 Tum
1439 1999 1468 2028 1)
1494 1994 1586 2030 Oum
1609 1995 1665 2029 ita

140 2054 953 2098 ut·Ciexcorr.8itVlcateret(psup¹-a
977 2055 1193 2098 cm.2)1²,
1217 2063 1310 2088 corr.
1334 2065 1403 2099 my.
1429 2065 1474 2089 m.
1500 2055 1666 2098 2lsaxa

140 2118 175 2149 et
195 2117 225 2148 B
249 2117 283 2149 et
305 2116 336 2147 V
359 2124 428 2158 my.
453 2124 499 2148 m.
524 2116 570 2157 2,
594 2115 644 2148 11:
669 2112 771 2148 facta
796 2115 821 2146 0
847 2115 905 2157 (ex
930 2111 1209 2157 sacsa?)fluu.‚
1233 2113 1299 2157 qui
1321 2114 1409 2148 sunt
1431 2113 1475 2147 in
1494 2115 1519 2147 0
1542 2117 1599 2156 11,
1620 2117 1663 2147 12

139 2176 174 2209 a
198 2176 256 2217 13,
281 2175 337 2216 14,
360 2172 457 2207 inter
486 2182 523 2207 se
551 2162 781 2217 transposuit
803 2171 923 2206 nescio
946 2172 1030 2216 quis
1070 2172 1084 2216 Ι
1127 2175 1170 2206 13
1214 2172 1273 2206 est
1295 2183 1340 2214 ᾳς
1363 2171 1468 2207 curia
1491 2174 1541 2215 νς
1564 2183 1664 2207 nunc

140 2232 228 2267 sunt
250 2231 346 2266 Iulia
370 2232 477 2276 septa
499 2230 723 2266 Fonteium-s
751 2231 765 2275 ΙΙ
804 2234 847 2265 14
871 2241 918 2265 ex
943 2230 1022 2265 alto
1046 2230 1269 2266 Fonteinius
1293 2242 1313 2266 e
1338 2231 1426 2266 uiuo
1458 2231 1664 2266 Waarden-

140 2291 336 2336 burgiae!
370 2293 412 2324 11
438 2290 493 2324 Ac
516 2290 701 2334 ubi1›‚v
725 2301 770 2324 m.
796 2292 818 2324 1
849 2290 862 2334 Ι
894 2293 937 2324 12
962 2288 1044 2325 foro
1067 2293 1096 2323 l·
1119 2301 1166 2325 m.
1190 2293 1235 2334 2,
1259 2293 1291 2323 V
1315 2301 1425 2326 corn:
1449 2290 1535 2325 foco
1560 2291 1663 2335 013

139 2349 280 2385 Luctus
305 2350 336 2392 (t
358 2348 579 2393 sumunda)
603 2351 631 2380 1¹
652 2349 658 2391 Ι
679 2346 834 2382 oderoso
858 2351 904 2390 13
927 2359 1018 2383 num
1042 2358 1199 2393 operoso
1213 2347 1234 2383 ?
1266 2350 1274 2394 1
1306 2358 1491 2384 concauus
1514 2349 1664 2393 scripsi:

140 2408 311 2444 conditus
335 2410 361 2442 0
387 2405 551 2442 consitus
576 2416 598 2444 ς
615 2406 629 2450 Ι
648 2410 670 2441 4
693 2406 814 2442 Multa
837 2405 903 2441 ubi
926 2417 949 2444 ς
966 2407 981 2452 Ι
998 2411 1019 2442 6
1048 2407 1203 2442 uidebat
1226 2410 1256 2441 V
1280 2419 1348 2453 my.
1374 2419 1419 2442 m.
1445 2410 1472 2442 2
1490 2408 1504 2452 u
1524 2410 1568 2442 15
1592 2407 1664 2443 Hic

140 2477 181 2505 ςε
204 2466 302 2502 Hinc
326 2469 352 2500 0
398 2467 403 2511 Ι
448 2465 614 2511 carpella
637 2467 671 2511 (r
693 2476 739 2502 m.
764 2469 791 2502 2
814 2466 1034 2511 suppunoeit)
1058 2469 1086 2500 F
1110 2468 1256 2512 (tarpea
1279 2477 1349 2512 my.
1374 2478 1420 2501 m.
1445 2467 1486 2510 2)
1519 2466 1665 2511 tarpela

139 2529 173 2560 Π
192 2527 200 2571 Ι
220 2527 260 2562 et
281 2525 520 2560 Fonteinius:
546 2527 586 2560 at
611 2527 636 2558 0
666 2525 680 2569 Ι
701 2527 788 2569 post
814 2528 857 2560 16
882 2525 1036 2560 lacunae
1058 2525 1167 2570 siqua
1184 2526 1298 2570 posui
1322 2526 1335 2569 Ι
1360 2529 1416 2568 17,
1443 2529 1487 2560 18
1506 2528 1592 2570 post
1617 2529 1662 2559 92

134 2585 264 2630 posuit
285 2583 558 2628 Brfflhusius,
594 2582 856 2618 Lachmannus
879 2583 939 2619 hic
966 2583 1126 2619 retinens
1152 2588 1194 2619 17
1220 2585 1275 2619 ita
1298 2584 1427 2619 scribit
1450 2584 1496 2618 Ei
1521 2585 1663 2629 (melius

140 2644 205 2689 At)
230 2643 365 2680 scelus!
401 2653 495 2678 urna
518 2654 567 2677 m.
592 2653 630 2687 p.
656 2653 735 2677 sors
759 2653 791 2677 e.
815 2654 871 2688 μς
906 2643 941 2678 si
970 2643 1014 2678 de
1042 2644 1325 2688 transpositione
1348 2644 1468 2678 mauis
1493 2644 1661 2688 coyitare,

141 2705 252 2747 aptus
274 2702 343 2738 erit
367 2702 466 2737 loeus
482 2704 570 2746 post
593 2705 639 2735 44
662 2699 802 2746 (potuit
824 2701 867 2736 in
890 2701 1031 2746 poterit
1053 2703 1206 2746 mutato)
1249 2703 1262 2746 Ι]
1306 2705 1349 2736 19
1379 2701 1518 2737 tacium
1541 2705 1569 2735 1?
1588 2704 1620 2735 R
1650 2707 1661 2727 ⁵¹

141 2765 188 2796 20
211 2771 301 2796 aera
324 2761 396 2805 (uel
420 2762 498 2805 ora)
523 2761 718 2796 Heinsius:
743 2770 847 2795 arma
871 2763 897 2794 0
920 2761 935 2805 fl
965 2764 1011 2795 23
1034 2759 1178 2796 immer.
1202 2765 1232 2795 1)
1251 2764 1282 2795 V
1303 2762 1309 2805 Ι
1330 2761 1418 2796 οἶδε,
1441 2764 1469 2794 F
1494 2762 1662 2805 (causata

139 2829 209 2865 my.
233 2830 281 2854 m.
304 2823 331 2856 2
355 2820 549 2864 superflue)
571 2822 577 2863 Ι
598 2818 724 2854 omina
747 2821 778 2852 V
802 2830 912 2863 coria,
936 2822 984 2854 11:
1011 2818 1137 2855 omnia
1161 2823 1186 2854 0
1225 2821 1239 2865 fl
1274 2824 1320 2855 24
1345 2818 1568 2865 tinguendas
1593 2822 1625 2852 R
1656 2858 1660 2864 ⁴

142 2881 189 2913 25
211 2877 382 2914 blandita
403 2877 440 2913 J.
467 2878 519 2913 H.
552 2877 701 2913 Vossius
721 2878 728 2922 Ι
747 2877 911 2922 nimphis
935 2881 963 2910 F
982 2880 1014 2911 Π
