1898 3190
649 147 986 185 PROLEGOMEN
986 148 1030 183 A.
1558 145 1607 180 LI

83 260 169 304 hoc
202 273 378 303 carmen
413 258 468 301 ad
505 273 542 301 a.
573 258 631 300 23
667 259 905 301 referamus
941 257 1147 312 tertiique
1182 255 1284 298 libri
1323 255 1608 298 nouissimum

87 332 265 376 aiamus.
373 332 375 334 ’

203 401 271 445 De
299 401 440 458 elegia
470 404 615 444 autem
645 400 689 443 H
722 401 746 442 7
757 434 770 455 ,
807 415 938 455 quam
976 402 1076 441 ante
1117 398 1303 441 alterum
1333 398 1494 441 Panthi
1523 397 1610 440 Ro-

86 489 204 517 mam
233 473 420 516 reditum
459 473 666 528 scriptam
696 485 868 525 censeo,
906 470 970 513 ita
998 470 1152 513 iudico.
1199 470 1389 525 priorem
1420 469 1610 525 Augusti

86 545 358 602 rogationem
395 546 577 586 exeunte
614 558 651 586 a.
683 543 738 585 27
779 543 923 585 locum
966 541 1170 584 habuisse
1214 543 1366 583 contra
1403 540 1612 596 Lipsium,

88 631 216 672 quem
250 614 445 671 plerique
481 617 739 670 sequuntur,
781 616 898 656 recte
935 613 1253 655 demonstrasse
1296 612 1404 654 mihi
1440 612 1611 654 uidetur

88 686 396 743 Hertzbergius
429 685 468 740 [I
492 701 533 741 p.
551 685 674 741 225]‚
704 685 780 728 sed
811 699 906 727 eam
939 684 1210 740 antiquatam
1242 698 1336 726 esse
1367 690 1481 726 anno
1514 684 1611 725 sub-

89 757 287 814 sequenti
316 772 406 800 non
435 757 545 799 bene
577 756 800 799 contendit
829 756 955 798 idem.
985 755 1069 798 hoc
1100 755 1266 797 scilicet
1296 754 1491 797 refutant
1509 754 1612 797 Pro-

89 829 219 886 pertii
241 829 376 871 uerba
399 828 500 884 ‘qua
524 828 780 884 quondam
807 826 946 870 edicta
963 826 1116 868 flemus
1136 828 1318 882 uterque
1345 825 1465 868 diu'.
1502 825 1613 867 unde

89 901 173 944 duo
211 899 359 942 saltim
396 914 532 942 annos
569 898 865 941 intercessisse
898 898 998 954 quia
1038 897 1315 939 statuendum
1347 899 1431 952 est,
1468 897 1615 939 detru-

91 971 235 1015 dimur
272 972 327 1014 ad
366 986 404 1013 a.
434 970 493 1013 25
522 971 594 1012 uel
625 970 695 1012 24.
751 969 999 1025 gaudebant
1042 971 1187 1011 autem
1232 971 1430 1010 amantes
1473 968 1613 1023 legem

92 1043 308 1086 sublatam
343 1041 442 1084 ideo
474 1041 587 1097 quod
616 1055 669 1083 ea
698 1041 865 1096 perlata
894 1043 1025 1095 poeta
1055 1039 1264 1082 amasiam
1295 1039 1614 1081 meretriculam

92 1113 158 1171 (ct
195 1113 511 1157 meretriculam
550 1112 686 1154 fuisse
724 1110 961 1167 Cynthiam
999 1113 1069 1153 tot
1106 1110 1191 1153 loci
1228 1110 1342 1152 clare
1382 1112 1615 1166 aperteque

91 1185 285 1228 indicant
313 1187 363 1227 ut
394 1183 751 1226 obscurissimum
784 1183 841 1224 sit
873 1181 1087 1238 quomodo
1116 1184 1217 1236 post
1234 1180 1510 1236 Hertzbergii
1533 1181 1615 1223 hac

94 1256 146 1299 de
176 1271 223 1299 re
253 1255 593 1311 disputationem
625 1253 664 1308 [I
694 1269 735 1309 p.
768 1253 825 1296 35
845 1254 956 1309 sqq.]
988 1252 1235 1308 nuperrime
1273 1252 1456 1294 existere
1487 1254 1612 1307 potu·

78 1327 177 1370 'erit
212 1327 286 1383 qui
321 1326 443 1368 illam
478 1341 558 1382 pro
595 1325 775 1367 muliere
812 1324 951 1367 nobili
987 1326 1207 1379 nuptaque
1243 1323 1374 1365 uellet
1410 1322 1614 1379 uendere)

93 1398 336 1455 relinquere
366 1397 574 1452 iustisque
606 1411 651 1438 se
682 1397 859 1452 iungere
889 1395 1054 1450 nuptiis
1087 1394 1282 1436 debebat.
1322 1396 1512 1436 ceterum
1536 1394 1616 1436 mi-

93 1483 191 1512 rum
218 1469 349 1523 foret,
384 1468 470 1510 nisi
500 1467 727 1509 diuturnae
763 1467 880 1509 illius
917 1466 1124 1508 tristitiae
1166 1465 1341 1521 aliquod
1373 1470 1617 1520 superesset

93 1539 339 1596 uestigium.
388 1542 432 1582 et
460 1538 672 1593 reperisse
702 1537 811 1579 mihi
842 1537 991 1579 uideor
1020 1536 1109 1579 tale
1140 1537 1386 1592 uestigium.
1439 1551 1539 1578 nam
1572 1537 1617 1578 111

102 1610 240 1666 elogia
256 1609 301 1652 H
325 1610 382 1652 30
407 1624 458 1652 ex
478 1609 610 1652 uariis
629 1608 886 1665 fragmentis
905 1607 1092 1650 conflata
1110 1608 1315 1663 leguntur
1338 1623 1409 1649 uu.
1430 1608 1487 1649 ‘23
1509 1622 1618 1663 sqq.:

272 1703 371 1747 Una
401 1706 651 1747 contentum
682 1703 842 1759 pudeat
873 1717 940 1745 me
972 1703 1119 1745 uiuere
1152 1702 1321 1744 amica?

337 1775 432 1818 Hoc
463 1775 501 1817 si
531 1775 702 1823 crimen„
717 1775 810 1830 erit,
841 1774 1002 1817 crimen
1027 1774 1203 1815 Amoris
1236 1773 1333 1815 erit:

273 1844 336 1889 Mi
365 1861 492 1889 nemo
524 1846 697 1888 obiciat.

98 1955 230 1997 praue
254 1941 301 1984 111
324 1941 392 1984 1113
418 1955 462 1983 se
488 1940 621 1984 habet
644 1955 730 1983 uox
756 1939 884 1983 ‘una'.
926 1944 1044 1983 certa
1070 1944 1113 1983 et
1138 1943 1341 1983 constans
1367 1944 1432 1983 est
1456 1941 1619 1984 locutio

99 2012 217 2055 ‘esse
245 2027 334 2055 11113
370 2015 622 2055 contentum
652 2010 758 2067 (uno
790 2009 1055 2068 contentam)
1065 2010 1092 2066 ⁹,
1129 2011 1250 2054 cuius
1291 2012 1485 2067 exempla
1516 2012 1620 2054 olim

99 2082 298 2127 dabimus
328 2084 375 2126 in
406 2083 715 2126 commentario
748 2083 802 2124 ad
827 2081 990 2125 Catulli
1020 2081 1230 2125 LXVIIIb
1261 2083 1337 2138 953
1371 2082 1622 2139 designatur

99 2154 215 2198 enim
243 2155 282 2198 is
312 2155 384 2210 qui
417 2155 516 2197 aliis
546 2154 718 2196 feminis
745 2154 903 2209 spretis
940 2153 985 2196 in
1016 2169 1103 2195 una
1133 2153 1326 2208 domina,
1362 2156 1412 2196 ut
1444 2153 1504 2195 ait
1534 2153 1622 2207 ille,

79 2225 206 2279 facit
241 2224 417 2268 delicias
451 2225 751 2280 libidinesque.
807 2224 960 2280 quodsi
997 2225 1044 2266 in
1086 2239 1174 2267 una
1218 2225 1394 2280 solaque
1433 2222 1622 2279 Cynthia

101 2310 292 2339 amorem
323 2295 519 2338 cohibuit
549 2295 1029 2351 Propertius‚‘tantum
1059 2295 1169 2338 afuit
1199 2298 1248 2338 ut
1275 2296 1358 2338 hoc
1390 2296 1443 2337 ab
1476 2295 1621 2349 aliquo

101 2381 180 2422 pro
212 2365 390 2409 crimine
421 2367 461 2408 ei
491 2369 640 2421 posset
669 2366 798 2418 obici,
834 2370 884 2408 ut
915 2382 1085 2409 summa
1123 2370 1238 2409 esset
1269 2367 1449 2423 dignum
1486 2366 1622 2407 laude.
1672 2357 1674 2359 ’
1699 2392 1701 2395 <

102 2450 253 2494 neque,
283 2440 333 2480 ut
363 2437 517 2480 docent
548 2439 772 2492 sequentes
798 2452 961 2492 uersus,
991 2438 1074 2480 hoc
1107 2437 1146 2479 ei
1171 2437 1386 2480 obiectum
1418 2439 1523 2491 erat,
1548 2435 1623 2478 sed

103 2507 211 2551 illud
240 2509 399 2564 potius,
429 2508 544 2564 quod
570 2508 745 2550 omnino
774 2508 955 2550 haberet
980 2509 1182 2551 amicamt
1213 2508 1420 2563 innuptas
1447 2507 1622 2562 nuptias

104 2578 145 2621 ei
174 2579 405 2634 opprobrio
437 2580 659 2621 uerterant
689 2593 812 2621 senes
844 2579 939 2621 duri
971 2579 1110 2636 (uides
1142 2594 1217 2621 cur
1247 2595 1286 2621 u.
1309 2580 1363 2621 13
1395 2578 1621 2620 restituen-

105 2648 207 2692 dum
225 2649 521 2705 proposuerim
542 2647 788 2706 ξ0011111)13’).
828 2649 942 2705 quod
961 2650 1242 2705 opprobrium
1261 2653 1492 2706 postqtiam
1511 2648 1623 2703 aptis

105 2719 255 2763 reiecit
284 2720 510 2775 exemplis,
539 2720 601 2762 ita
633 2720 848 2762 concludit
880 2736 917 2763 u.
943 2721 997 2762 31
1020 2736 1098 2776 sq.:

283 2811 444 2862 Quodsi
474 2829 601 2856 nemo
634 2817 764 2868 extat,
794 2814 867 2869 qui
898 2814 1052 2857 uicerit
1083 2815 1198 2857 alitis
1232 2829 1362 2867 arma,

349 2882 597 2927 Communis
630 2885 780 2940 culpae
811 2899 886 2927 cur
915 2900 1013 2928 reus
1045 2901 1173 2928 unus
1207 2885 1341 2940 agor‘.>

1293 2954 1342 2988 d*
