1898 3190
711 141 1090 179 PBOLEGOMENA.
1547 141 1671 177 XXXI

143 253 276 308 poeta
303 251 473 294 deriuat
500 250 698 305 petitum.
751 250 935 306 denique
974 263 1055 292 nec
1085 247 1194 291 illud
1224 247 1329 291 ‘hoc
1358 248 1462 290 iter'
1500 264 1527 291 a
1563 249 1672 291 uitio

149 322 325 365 inmune
348 336 443 365 esse
461 323 612 365 contra
629 320 955 364 Lachmannum
974 320 1107 362 euicit
1124 318 1175 362 A.
1196 319 1487 375 Kiesslingius
1508 321 1671 376 [progr.

146 392 462 449 Gryphiswald.
493 407 531 435 a.
563 392 679 435 1875
709 407 750 448 p.
781 392 810 434 5
830 392 913 447 sq.]
958 391 1207 446 ceteroquin
1249 405 1455 446 peruersa
1497 391 1548 433 de
1590 391 1673 433 hoc

142 464 240 508 loco
282 466 608 508 commentatus.
667 465 810 506 totum
852 462 990 518 igitur
1027 476 1201 504 uersum
1247 462 1310 504 sic
1352 462 1525 504 refinxit
1568 461 1672 504 ‘huc

142 548 247 578 cura
270 534 325 578 ad
347 534 526 590 lapides,
549 549 663 589 cara,
686 533 783 576 uehi
806 531 1048 575 memores'.
1091 547 1194 574 nam
1218 532 1338 575 uocis
1365 531 1499 575 ‘cura'
1525 533 1673 575 littera

144 605 303 649 ultima
331 607 432 648 ante
463 604 548 647 ‘ad'
579 605 749 647 abiecta
779 619 831 646 ex
862 602 961 646 ‘hue
992 602 1083 646 cur'
1115 603 1246 646 obuia
1275 604 1538 646 correctione
1563 604 1671 646 fece-

143 679 247 721 runt
277 675 375 719 ‘hoc
404 675 524 731 iter'3
562 677 751 718 ceterum
783 675 839 717 ad
869 675 1234 717 constructionem
1265 675 1380 731 quod
1410 675 1587 731 attinet,
1619 675 1671 718 cf.

143 762 209 790 ex.
227 760 291 802 gr.
309 746 502 789 Iustinus
528 745 573 788 Π
600 746 669 800 12,
693 746 721 787 2
752 744 991 801 ‘symbolos
1022 746 1208 801 proponi
1240 748 1284 788 et
1314 745 1430 789 saxis
1460 747 1673 802 proscribi

144 817 294 861 curat'.
329 841 377 847 —
413 817 488 859 sed
518 816 606 859 iam
636 816 808 859 mittam
839 816 922 859 hoc
953 817 1245 872 corruptionis
1276 831 1412 873 genus
1418 851 1431 873 ,
1461 832 1545 873 quo
1578 833 1671 860 sae-

143 889 242 944 pius
267 902 421 932 causas
441 887 798 943 deprauationum
822 888 1037 943 explicare
1061 886 1179 944 (uide
1198 888 1327 932 modo
1351 888 1373 930 I
1399 889 1440 943 8,
1455 890 1515 931 42
1540 888 1670 932 ‘amo'

141 974 222 1015 pro
260 958 387 1003 ‘ouo'
424 962 603 1015 propter
637 975 680 1002 11.
711 959 787 1014 41;
822 958 845 1000 I
879 959 952 1014 15,
989 959 1047 1002 33
1085 958 1269 1010 ‘Quam'
1306 975 1385 1015 pro
1418 959 1578 1002 ‘Dum'
1616 961 1672 1003 ob

142 1046 184 1075 u.
214 1031 290 1087 313
331 1030 355 1073 Ι
388 1030 462 1086 19,
501 1030 555 1073 15
593 1029 828 1080 ‘Quarum'
859 1044 938 1086 pro
977 1029 1187 1073 ‘Harum’
1225 1031 1280 1074 ob
1320 1047 1361 1074 11.
1395 1032 1451 1074 14
1489 1031 1672 1088 ‘Quas')

142 1101 396 1158 saepiusque
425 1101 619 1158 ingratas
658 1101 890 1144 eorundem
922 1101 1232 1144 uocabulorum
1272 1103 1554 1158 repetitiones
1585 1102 1669 1160 (ex,

142 1186 207 1228 gr.
235 1171 259 1215 I
289 1173 330 1228 8,
359 1172 418 1215 25
449 1175 493 1214 et
523 1172 599 1227 26)
631 1187 853 1215 remouere
885 1172 998 1216 licet.

266 1242 532 1300 Compendia
570 1259 738 1300 quoque
779 1259 866 1287 non
905 1244 1126 1287 intellecta
1162 1244 1277 1287 haud
1315 1246 1518 1301 exiguum
1550 1246 1675 1288 uitio-

144 1330 241 1359 rum
283 1330 509 1358 numerum
547 1315 748 1371 genuisse
791 1318 1128 1358 consentaneum
1169 1318 1247 1359 est.
1306 1332 1441 1359 unum
1479 1317 1672 1359 adferam

144 1386 300 1442 10011111,
331 1386 404 1442 qui
435 1386 624 1442 largiore
654 1386 851 1442 indigeat
882 1386 1187 1442 disputatione.
1215 1386 1260 1429 H
1290 1388 1361 1443 34,
1391 1389 1447 1430 27
1463 1403 1573 1444 sqq:

265 1468 377 1518 Quid
406 1471 483 1511 tua
513 1467 744 1511 Socraticis
775 1469 858 1511 tibi
886 1484 1002 1512 nunc
1033 1470 1246 1525 sapientia
1276 1471 1399 1512 libris

323 1539 523 1582 Proderit
552 1542 629 1582 aut
658 1554 800 1582 rerum
832 1540 973 1583 dicere
1003 1555 1132 1596 posse
1163 1541 1287 1584 uias?

265 1610 356 1653 Aut
386 1610 488 1666 quid
518 1611 681 1653 crethei
711 1611 795 1652 fibi
825 1614 1011 1666 prosunt
1040 1612 1234 1654 carmina
1262 1611 1405 1655 lecta?

319 1680 395 1723 Nil
423 1682 547 1724 iuuat
576 1682 623 1723 in
649 1696 814 1738 magno
844 1685 988 1725 uester
1018 1697 1165 1726 amore
1198 1698 1338 1726 senex.

144 1763 352 1808 ‘crethei'
393 1766 461 1806 est
499 1764 628 1807 lectio
667 1765 830 1820 prisca,
873 1764 1103 1808 ‘erecthei'
1140 1766 1211 1808 uel
1249 1765 1454 1809 ‘erechti'
1493 1768 1673 1811 debetur

142 1835 280 1878 Italis.
328 1835 383 1877 ad
420 1833 535 1890 quod
571 1835 727 1876 uitium
763 1835 1002 1878 tollendum
1038 1836 1085 1878 in
1125 1836 1231 1879 duas
1261 1840 1408 1892 partes
1447 1839 1673 1882 discedunt

145 1905 277 1960 docti3
307 1908 384 1947 aut
401 1905 514 1947 enim
535 1905 844 1961 philosophum
865 1907 1051 1963 aliquem
1083 1905 1150 1964 (ut
1172 1907 1472 1963 Epimenidem
1498 1909 1672 1952 Creten-

146 1990 249 2032 sem,
265 1975 513 2031 Epicurum,
538 1974 805 2034 Lucretium)
847 1980 923 2019 aut
958 1993 1009 2020 ex
1041 1979 1181 2033 poetis
1213 1978 1451 2022 Homerum
1477 1981 1670 2037 Aeschy-

145 2046 289 2089 lumue
336 2046 458 2088 uaria
501 2046 762 2089 conicientes
807 2048 943 2091 latere
986 2051 1195 2092 statuunt.
1254 2053 1454 2094 neutrum
1495 2054 1672 2107 probari

145 2119 302 2172 potest.
348 2116 707 2172 philosophorum
732 2119 894 2162 mentio
925 2121 1161 2174 praecessit
1190 2124 1339 2177 estque
1371 2137 1456 2165 uno
1488 2123 1672 2166 disticho

146 2187 252 2231 adeo
288 2188 491 2231 absoluta
525 2191 576 2231 ut
612 2190 648 2231 si
685 2189 784 2232 ‘aut
821 2190 923 2246 quid
958 2191 1041 2233 tibi
1077 2192 1282 2247 prosunt'
1297 2198 1302 2203 ’
1319 2209 1359 2236 11.
1391 2194 1448 2236 29
1485 2195 1671 2250 legimus

146 2259 296 2302 statim
325 2274 487 2302 nouum
514 2260 676 2316 aliquid
700 2261 886 2315 proferri
920 2263 1167 2306 sentiamus.
1208 2278 1346 2319 neque
1371 2265 1418 2306 in
1442 2265 1541 2307 illos
1568 2281 1671 2321 qua—

147 2329 245 2372 drat
266 2344 352 2372 uox
375 2329 532 2384 ‘lecta’‚
557 2330 709 2373 diurno
735 2332 879 2386 potius
903 2336 1199 2389 nocturnoque
1226 2335 1368 2377 studio
1396 2350 1492 2377 011111
1512 2337 1672 2392 scripta

147 2400 406 2456 sapientium
435 2403 608 2443 uersata
632 2415 725 2444 esse
756 2417 782 2444 a
806 2405 937 2458 poeta
960 2403 1221 2460 philosopho
1246 2421 1327 2460 par
1352 2407 1422 2448 sit.
1460 2408 1497 2449 ei
1525 2410 1671 2449 autem

146 2471 220 2528 qui
238 2471 290 2514 de
308 2471 531 2513 Musarum
550 2472 844 2516 sacerdotibus
874 2474 964 2516 siue
984 2474 1173 2519 Homero
1193 2477 1284 2519 siue
1309 2476 1524 2533 Aeschylo
1550 2477 1671 2534 (nam

145 2541 216 2585 his
251 2543 517 2586 aemulandis
554 2558 731 2599 operam
766 2546 946 2587 nauauit
981 2545 1178 2602 Lynceus
1215 2549 1403 2590 testibus
1440 2564 1509 2590 uu.
1540 2550 1595 2591 41
1630 2551 1674 2590 et

146 2613 244 2670 45),
282 2614 602 2669 cogitauerunt,
641 2617 691 2656 ut
731 2618 775 2657 et
813 2616 896 2671 ipsi
933 2617 1131 2659 uoculam
1170 2616 1324 2660 ‘lecta'
1362 2619 1462 2660 huic
1503 2633 1673 2674 quoque

146 2683 495 2740 interpretationi
527 2700 655 2741 quam
686 2685 870 2728 maxime
902 2686 1212 2745 obstantem*),
1242 2689 1305 2730 ita
1334 2703 1508 2731 uersum
1534 2690 1671 2732 mino-

241 2823 276 2869 *)
296 2826 527 2870 quantopere
540 2825 732 2871 opiniones
745 2825 1023 2871 praeiudicatae
1036 2828 1076 2863 in
1088 2839 1249 2864 errorem
1260 2829 1450 2872 inducant,
1469 2828 1579 2864 docet
1593 2828 1671 2864 Bir-

147 2882 223 2919 fins
241 2882 282 2918 in
298 2883 392 2918 Mus.
405 2883 523 2919 Rhen.
537 2884 674 2919 XXXII
694 2896 731 2930 p.
746 2889 816 2921 411
833 2885 928 2922 illud
951 2887 1078 2923 ‘lecta’
1101 2888 1314 2924 coniectura
1333 2889 1573 2933 attemptans.
