1898 3190
19 3011 65 3190 mart
0 1805 50 3013 ,uim-ww&mmm-m·
0 1770 7 1782 ’·
5 1727 11 1731 ·

658 157 920 194 PROPERTH
943 157 1032 192 LIB.
1058 156 1104 192 Π.
1129 159 1188 192 33.
1627 154 1683 195 97

331 265 536 309 Mansisti
568 266 753 309 stabulis
785 265 934 308 abdita
963 267 1091 321 pasta
1120 265 1226 307 tuis!

273 337 364 393 An,
394 338 597 393 quoniam
629 340 844 394 agrestem
875 337 1064 380 detraxit
1095 337 1150 379 ab
1182 350 1256 379 ore
1286 336 1471 392 figuram

333 408 547 464 Iuppiter,
576 409 734 452 idcirco
765 394 899 451 facta·
912 408 1098 463 superba
1128 407 1208 449 dea
1238 406 1314 449 es?

217 490 260 521 15
275 478 346 521 An
375 479 459 521 tibi
487 494 578 522 non
609 480 716 522 satis
748 482 815 522 est
843 479 978 522 fuscis
1008 479 1234 535 Aegyptus
1266 477 1481 520 alumnis?

334 547 421 591 Cur
452 549 534 591 tibi
564 552 655 592 tam
687 550 820 606 longa
850 549 989 592 Roma
1019 550 1157 605 petita
1186 550 1268 592 uia·
1290 549 1389 591 est‘?

275 619 440 670 Quidue
470 620 554 662 tibi
585 620 760 676 prodest
790 621 942 663 uiduas
974 620 1160 663 dormire
1190 620 1388 676 puellas?

334 689 418 733 Sed
447 691 549 747 tibi,
580 693 702 735 crede
723 685 858 747 mihi,
889 706 1049 734 cornua
1077 706 1227 734 rursus
1259 694 1400 746 erunt,

274 762 366 804 Aut
394 777 474 804 nos
507 777 529 804 e
561 765 712 805 nostra
742 765 802 818 te,
836 777 984 818 saeua,
1014 762 1262 818 fugabimus
1294 762 1417 804 urbe:

217 845 262 876 2ο
334 832 443 876 Cum
475 833 620 876 Tiberi
651 833 754 876 Nilo
786 834 928 889 gratia
957 834 1077 876 nulla
1106 833 1200 876 fuit.

275 903 336 946 At
365 907 430 959 tu,
462 919 571 960 quae
600 907 752 947 nostro
782 905 965 947 nimium
995 908 1152 960 pacata
1182 905 1328 948 dolore
1361 919 1424 959 es,

334 974 546 1018 Noctibus
578 975 646 1018 his
678 976 804 1018 uacui
834 978 901 1018 ter
931 975 1140 1019 faciamus
1171 977 1265 1020 iter.

274 1045 376 1089 Non
406 1046 547 1098 audis,
578 1048 623 1088 et
652 1047 786 1089 uerba
817 1047 924 1089 sinis
955 1062 1052 1089 mea
1083 1047 1244 1099 ludere,
1278 1062 1374 1090 cum
1405 1048 1490 1089 iam

334 1116 531 1161 Flectant
560 1117 690 1160 Icarii
722 1117 861 1160 sidera
890 1118 1015 1160 tarda
1044 1119 1191 1161 boues.

908 1216 932 1241 *

790 1276 813 1300 *
1028 1276 1051 1300 *

217 1355 262 1387 25
276 1343 414 1386 Lenta
443 1343 576 1385 bibis:
609 1343 774 1386 mediae
805 1345 1025 1399 nequeunt
1052 1346 1097 1385 te
1127 1343 1326 1400 frangere
1356 1346 1518 1387 noctes.

335 1414 406 1458 An
436 1414 627 1457 nondum
659 1417 727 1457 est
756 1414 870 1457 talos
902 1414 1075 1456 mittere
1104 1415 1223 1457 lassa
1252 1414 1437 1457 manus}>

276 1487 317 1529 A
347 1489 513 1542 pereat,
543 1486 798 1542 quicumque
829 1500 1023 1528 meracas
1055 1486 1245 1541 repperit
1274 1500 1403 1540 uuae,

336 1556 621 1614 Corrupitque
652 1557 790 1600 bonas
820 1559 993 1599 nectare
1024 1557 1187 1612 primus
1220 1557 1371 1612 aquas!

275 1628 395 1671 Icare
426 1627 647 1683 Cecropiis
678 1627 831 1670 merito
863 1627 1057 1683 iugulate
1089 1628 1276 1684 colonis,

218 1710 264 1742 30
337 1699 597 1755 Pampineus
628 1699 744 1741 nosti
776 1713 905 1754 quam
938 1699 996 1741 sit
1028 1713 1200 1741 amarus
1233 1698 1350 1741 odor.

277 1769 426 1826 Tuque
457 1785 483 1813 o
513 1769 727 1825 Eurytion
758 1770 860 1812 uino
892 1768 1105 1812 Centaure
1135 1770 1307 1825 peristi,

335 1840 428 1884 Nec
459 1856 547 1884 non
578 1841 759 1883 Ismario
790 1843 857 1892 tn,
887 1840 1167 1896 Polypheme,
1199 1855 1332 1884 mero.

277 1911 392 1954 Vino
422 1912 564 1955 forma
593 1912 723 1967 perit,
754 1912 857 1954 uino
890 1912 1180 1967 corrumpitur
1211 1915 1349 1966 aetas,

336 1982 452 2026 Vino
484 1997 610 2038 saepe
643 1997 768 2025 suum
798 1983 938 2025 nescit
968 1983 1107 2025 amica
1137 1984 1289 2025 uirum.

220 2063 266 2096 35
279 2052 350 2096 Me
379 2054 606 2109 miserum,
636 2056 686 2095 ut
715 2053 852 2096 multo
882 2054 993 2096 nihil
1023 2056 1090 2096 est
1119 2056 1287 2096 mutata
1317 2053 1478 2109 Lyaeo!

257 2181 347 2218 Vm
373 2195 471 2219 nnc-r.
528 2187 584 2218 -13
630 2181 808 2217 Mandisti
833 2203 877 2208 —
907 2182 1041 2218 arbuta
1088 2182 1135 2218 A.
1179 2182 1340 2226 Palmer3
1386 2185 1471 2227 post
1514 2182 1686 2220 Mansisti

161 2239 340 2276 Heinsius
375 2242 431 2285 et,
468 2241 731 2277 Lachmannus
766 2242 808 2276 ut
844 2242 1042 2285 inseruere3
1085 2242 1246 2287 equidem
1286 2252 1357 2286 pro
1395 2242 1524 2278 abdita
1560 2244 1685 2278 malim

161 2299 263 2335 haud
285 2299 342 2335 ita
370 2301 384 2345 fl
416 2304 460 2335 14
484 2300 624 2346 Iupiter
646 2304 675 2334 F
693 2304 725 2334 N
755 2301 767 2344 ΙΙ
802 2305 844 2336 15
870 2300 1018 2346 egiptus
1042 2303 1069 2334 F
1093 2301 1106 2345 ΙΙ
1136 2304 1179 2336 16
1205 2304 1262 2336 est
1286 2306 1315 2335 1)
1334 2304 1381 2336 V:
1406 2313 1472 2337 om.
1498 2306 1526 2336 F
1545 2305 1577 2336 N
1601 2304 1614 2348 Ι]
1644 2307 1686 2338 19

161 2358 373 2404 fugabimus
396 2360 438 2394 in
461 2363 489 2392 Ὲ
514 2363 548 2394 et
565 2362 595 2392 V
615 2370 706 2394 corr.
726 2371 771 2394 m.
791 2363 835 2404 2,
860 2363 908 2395 N:
934 2359 1147 2406 fugauimus
1168 2364 1192 2394 0
1211 2362 1224 2406 fl
1243 2364 1288 2395 20
1313 2361 1436 2406 tyberi
1453 2366 1500 2405 D,
1520 2364 1550 2395 V
1574 2373 1619 2396 m.
1634 2366 1655 2397 1
1675 2363 1688 2408 ll

162 2421 206 2452 21
233 2417 371 2463 pacata
390 2418 658 2453 Marklandus:
685 2418 836 2462 placata
856 2421 881 2452 0
899 2419 1104 2464 implacata
1127 2419 1306 2455 Heinsius
1328 2421 1333 2464 Ι
1355 2420 1476 2456 dolori
1494 2420 1659 2467 Scaliyer
1676 2421 1689 2467 l}

162 2480 207 2511 22
232 2476 305 2511 hiis
329 2480 356 2510 r
385 2478 390 2521 Ι
420 2477 654 2522 perficiamus
678 2477 922 2514 Burmannus
939 2479 952 2524 Ι]
970 2483 1016 2514 24
1039 2479 1159 2525 ycarii
1182 2483 1210 2513 F
1234 2481 1246 2524 ΙΙ
1274 2483 1319 2514 25
1344 2490 1417 2525 sqq.
1443 2481 1596 2516 aliwnde
1618 2481 1688 2516 huc

161 2538 323 2571 inuectos
345 2539 484 2581 statuo,
510 2547 590 2572 cum
616 2536 706 2581 quid
726 2536 905 2582 Cynthiae
928 2538 1071 2574 bibosae
1095 2539 1289 2583 descriptio
1314 2539 1356 2573 in
1379 2550 1453 2573 rem
1477 2539 1594 2582 saciat
1612 2550 1687 2574 non

162 2589 383 2640 intdleyam3
417 2606 488 2640 quo
514 2606 643 2640 panno
674 2599 812 2641 recepto
843 2598 1015 2633 nonnulli
1049 2609 1113 2632 uu.
1138 2598 1235 2632 inter
1259 2601 1304 2632 24
1330 2600 1363 2632 et
1387 2602 1430 2632 41
1451 2599 1606 2642 periisse
1629 2599 1686 2634 ui-

162 2653 294 2688 dentur
310 2655 324 2698 Ι
342 2657 387 2689 26
411 2654 575 2689 nondum
594 2657 623 2687 V
648 2666 694 2689 m.
719 2658 757 2699 2,
782 2658 830 2690 R:
855 2655 1022 2691 nundum
1047 2659 1072 2690 0
1094 2657 1100 2701 Ι
1123 2667 1160 2691 es
1179 2660 1206 2690 F
1225 2656 1238 2701 ΙΙ
1256 2661 1300 2692 27
1326 2656 1385 2691 Ha
1402 2661 1448 2702 F,
1473 2656 1533 2692 Ab
1552 2658 1658 2693 ceteri
1678 2658 1682 2703 Ι

163 2712 356 2748 merachas
380 2716 407 2746 1·
429 2714 435 2758 Ι
455 2713 599 2759 reperit
620 2716 651 2747 N
669 2714 683 2758 ΙΙ
700 2717 745 2748 29
771 2713 891 2750 Ycare
913 2718 940 2748 r
962 2716 967 2759 Ι
989 2715 1125 2760 cicrop.
1150 2719 1178 2749 Γ
1196 2718 1228 2749 Π
1252 2717 1264 2761 ΙΙ
1283 2719 1327 2751 31
1360 2717 1490 2760 Tuque
1515 2727 1555 2760 o,
1580 2717 1635 2751 ita
1661 2718 1686 2749 0

163 2770 254 2814 (nisi
276 2772 372 2816 quod
396 2783 432 2816 q;
458 2783 479 2807 o
504 2775 532 2805 F
557 2783 582 2807 a
599 2783 644 2807 m.
664 2773 706 2817 2)
732 2773 789 2808 Tu
806 2784 952 2818 quoque
972 2785 994 2810 o
1015 2785 1038 2812 ς
1059 2775 1065 2819 Ι
1087 2774 1219 2810 euritio
1244 2778 1272 2808 12
1297 2774 1436 2810 euticio
1462 2778 1494 2808 N
1511 2777 1524 2820 [Ι
1542 2779 1587 2809 32
1612 2774 1687 2809 his-

165 2829 283 2865 mario
301 2834 330 2864 1)
355 2830 545 2876 hysmario
564 2834 594 2865 V
628 2833 633 2876 Ι
663 2830 806 2877 poliph.
831 2835 859 2865 F
877 2835 909 2866 Π
926 2833 940 2877 fl
957 2836 1003 2868 35
1026 2832 1140 2879 nihil]
1165 2836 1196 2867 V
1219 2845 1288 2879 my.
1314 2845 1359 2869 m.
1386 2838 1411 2870 2
1436 2845 1510 2869 nou
1533 2835 1538 2878 Ι
1560 2844 1598 2869 es
1623 2837 1650 2867 F
1679 2834 1683 2879 Ι

166 2886 241 2923 lieo
264 2891 292 2922 r
310 2891 342 2922 R

235 2953 446 2980 Pxorxnrms.
1381 2954 1400 2985 7
