1898 3190
0 1662 14 1722 k

610 153 872 191 PROPERTII
894 153 985 190 LIB.
1010 153 1074 189 ΙΙΙ.
1099 157 1133 190 9.
1160 156 1216 189 10.
1499 151 1502 153 ’
1601 149 1687 192 123

277 264 424 308 Mollis
454 265 503 305 tu
535 265 713 318 coeptae
742 262 888 305 fautor
919 276 1024 317 cape
1054 261 1149 304 lora
1179 262 1379 303 iuuentae

338 334 610 390 Dexteraque
641 333 831 376 inmissis
861 333 917 375 da
946 333 1055 375 mihi
1086 333 1211 388 signa
1239 332 1360 374 rotis.

277 405 373 448 Hoc
403 405 529 460 mihi,
559 405 805 460 Maecenas,
834 404 974 446 laudis
1005 403 1220 458 concedis,
1251 404 1294 444 et
1324 417 1351 444 a
1379 404 1424 444 te
1455 404 1540 456 est,

220 488 267 520 60
339 475 463 528 Quod
492 477 607 519 ferar
637 477 686 519 in
714 478 859 532 partes
890 476 984 531 ipse
1014 475 1147 517 fuisse
1177 476 1290 516 tuas.

899 765 954 813 X.

277 867 488 924 Mirabar,
520 870 726 925 quidnam
757 870 979 912 misissent
1009 882 1136 910 mane
1168 866 1401 919 Camenae,

338 939 453 981 Ante
484 955 627 983 meum
658 944 824 983 stantes
857 941 947 983 sole
977 940 1159 982 rubente
1190 940 1347 980 torum.

278 1008 454 1053 Natalis
484 1014 658 1054 nostrae
691 1011 863 1068 signum
893 1011 1049 1053 misere
1081 1009 1251 1065 puellae

337 1081 399 1123 Et
427 1082 627 1124 manibus
659 1082 827 1124 faustos
857 1085 925 1124 ter
955 1095 1157 1134 crepuere
1189 1093 1332 1122 sonos.

244 1163 267 1195 5
281 1151 495 1195 Transeat
523 1153 596 1196 hic
627 1153 719 1196 sine
750 1153 865 1196 nube
896 1153 1005 1207 dies,
1037 1154 1154 1194 stent
1185 1165 1283 1193 aere
1314 1149 1454 1204 uenti,

338 1224 481 1267 Ponat
510 1227 554 1266 et
583 1226 627 1266 in
660 1225 772 1267 sicco
804 1224 994 1267 molliter
1024 1223 1140 1265 unda
1170 1223 1329 1264 minaX.

280 1296 503 1351 Aspiciam
534 1297 678 1339 nullos
707 1297 918 1340 hodierna
947 1297 1041 1338 luce
1073 1296 1286 1349 dolentes,

337 1365 399 1408 Et
427 1367 595 1410 Niobae
626 1368 826 1410 lacrimas
859 1368 1102 1423 supprimat
1131 1367 1226 1422 ipse
1257 1365 1395 1420 lapis,

280 1438 524 1494 Alcyonum
554 1440 708 1494 positis
739 1439 1011 1495 requiescant
1042 1453 1118 1480 ora
1149 1437 1373 1493 querellis,

223 1521 268 1552 10
340 1509 538 1565 Increpet
567 1511 843 1566 absumptum
874 1525 953 1552 nec
986 1525 1063 1552 sua
1094 1511 1231 1551 mater
1262 1508 1389 1563 Itym.

282 1579 451 1636 Tuque,
482 1597 507 1624 o
539 1596 640 1624 cara
670 1582 797 1636 mihi,
827 1581 1023 1624 felicibus
1056 1581 1172 1622 edita
1202 1580 1373 1635 pennis,

342 1650 479 1707 Surge
510 1654 555 1694 et
583 1654 809 1706 poscentes
840 1652 957 1694 iusta
987 1665 1164 1706 precare
1196 1650 1313 1693 deos.

282 1721 348 1764 Ac
377 1722 565 1777 primum
596 1737 706 1777 pura
737 1737 936 1765 somnum
966 1721 1050 1763 tibi
1080 1721 1244 1763 discute
1276 1721 1471 1776 lympha,

339 1792 401 1835 Et
429 1793 589 1836 nitidas
619 1808 768 1849 presso
798 1794 953 1849 pollice
983 1794 1099 1849 finge
1130 1807 1294 1840 comas;

228 1863 416 1919 15Dein‚
448 1879 534 1920 qua
563 1866 750 1920 primum
782 1865 928 1907 oculos
961 1864 1113 1920 cepisti
1143 1867 1265 1906 ueste
1296 1864 1513 1919 Properti,

347 1935 482 1978 Indue
512 1951 591 1979 nec
622 1951 807 1979 uacuum
837 1937 943 1979 flore
972 1936 1167 1992 relinque
1198 1939 1343 1991 caput3

282 2006 345 2050 Et
372 2009 489 2062 pete,
520 2022 606 2063 qua
636 2007 796 2063 polles,
826 2010 875 2049 ut
906 2008 963 2049 sit
992 2006 1073 2049 tibi
1105 2006 1248 2049 forma
1276 2007 1510 2063 peremnis,

258 2171 351 2208 Vm
375 2184 475 2206 mer.
541 2173 586 2205 57
620 2170 754 2205 Mollia.
777 2171 1034 2206 BrouUusius
1079 2173 1086 2215 Ι
1130 2149 1290 2216 cepl(a)e
1315 2175 1343 2206 F
1362 2175 1394 2206 Π
1419 2172 1573 2217 caeptae
1597 2175 1627 2205 Β
1646 2173 1687 2215 V;

166 2231 293 2267 malim
314 2230 480 2266 incertae
505 2230 600 2274 (siue
623 2229 749 2265 Mollis
774 2231 814 2265 et
837 2229 1018 2276 incertae)
1039 2232 1046 2275 Ι
1067 2229 1208 2277 faustor
1231 2234 1259 2264 1²
1284 2230 1406 2267 factor
1429 2234 1461 2265 Π
1484 2232 1498 2276 u
1523 2234 1568 2266 58
1592 2230 1694 2265 imm.

168 2295 199 2326 Β
215 2290 230 2336 Ι
247 2293 305 2335 59,
330 2293 376 2325 60
401 2289 664 2324 Lachmannus
688 2291 771 2324 ante
795 2292 841 2323 47
866 2291 1061 2335 transponi
1083 2291 1214 2327 uoluit.

260 2360 306 2396 X.
353 2359 468 2394 Noua
492 2359 605 2404 eleyia
629 2370 710 2394 cum
734 2360 842 2395 titulo
867 2359 913 2395 de
937 2360 1048 2396 niobe
1074 2362 1117 2396 in
1142 2364 1167 2395 0
1209 2362 1223 2406 Ι
1264 2365 1286 2396 2
1323 2362 1474 2397 thorum
1498 2365 1527 2395 r
1545 2365 1576 2395 Β
1618 2362 1632 2406 ΙΙ
1674 2365 1695 2396 3

165 2419 302 2456 misere
325 2421 374 2454 u:
399 2417 572 2453 miserere
597 2421 622 2452 0
648 2417 904 2463 (σώζει-ἐξ
927 2421 971 2465 V)
1001 2421 1015 2466 Ε
1045 2425 1066 2456 6
1090 2420 1211 2456 Ponet
1233 2423 1262 2454 1²
1285 2431 1332 2455 m.
1356 2424 1397 2464 1,
1422 2423 1454 2454 Β
1474 2422 1481 2465 Ι
1501 2420 1628 2455 minax
1653 2423 1695 2454 0:

167 2477 288 2515 minas
312 2481 340 2512 F
364 2489 410 2513 m.
435 2481 481 2522 2,
507 2479 538 2511 V
561 2488 607 2512 m.
633 2481 660 2513 2
686 2478 760 2521 (sed
783 2478 905 2514 Ponat
926 2490 1000 2524 pro
1025 2490 1065 2515 se
1089 2480 1207 2525 ponat
1236 2479 1372 2524 accipe)
1414 2480 1427 2524 ΙΙ
1469 2484 1490 2515 8
1533 2479 1644 2515 niobe
1671 2482 1696 2513 0

170 2536 303 2573 niobes
326 2539 356 2571 V
381 2548 472 2572 corr.
499 2537 605 2577 (idem
630 2547 698 2582 my.
725 2538 766 2571 at
788 2537 912 2583 niobe)
934 2540 941 2583 Ι
970 2537 1054 2583 ipsa
1078 2550 1162 2574 suas
1186 2542 1217 2572 V
1241 2550 1309 2584 my.
1334 2550 1381 2574 m.
1406 2542 1432 2575 2
1462 2539 1476 2583 ΙΙ
1506 2543 1527 2574 9
1551 2537 1696 2575 Aleion.

165 2601 196 2631 Β
212 2599 247 2632 1
262 2599 295 2631 V
318 2595 456 2631 Altion.
481 2600 509 2630 r
534 2596 713 2641 Halcyon.
739 2598 770 2630 V
793 2607 840 2631 m.
864 2600 891 2633 2
913 2599 919 2641 Ι
939 2597 1100 2642 querelis
1127 2599 1184 2643 ⁰ss
1211 2602 1255 2632 10
1279 2597 1536 2643 absumptum,
1562 2599 1587 2633 b
1610 2609 1696 2643 sup-

166 2659 310 2701 pum-ta
331 2667 378 2690 m.
403 2659 430 2692 2
455 2656 498 2691 in
520 2658 551 2689 V
579 2657 584 2700 Ι
611 2654 696 2689 itim
721 2657 747 2689 0
775 2656 790 2700 Ι
820 2659 863 2690 12
888 2656 1093 2701 poscendos
1117 2657 1379 2692 Lachmannus
1399 2659 1405 2700 Ι
1434 2668 1607 2702 praecare
1630 2662 1660 2692 Β
1684 2656 1697 2703 ίῖ

173 2719 218 2750 13
244 2714 395 2750 descute
420 2718 449 2748 r
473 2726 519 2750 m.
545 2717 565 2749 1
593 2714 731 2749 distute
755 2717 786 2748 V
806 2716 812 2759 Ι
833 2714 979 2760 limpha
1001 2719 1030 2750 P
1059 2717 1073 2761 ΙΙ
1105 2720 1149 2751 14
1172 2727 1324 2762 praesso
1348 2718 1409 2761 ΒΙΙ
1435 2720 1478 2751 15
1503 2715 1599 2751 Dein
1623 2726 1698 2760 qua

165 2777 196 2809 r
220 2784 290 2819 my.
313 2785 360 2809 m.
385 2777 430 2818 2,
454 2777 485 2808 V
509 2785 554 2810 m.
580 2777 626 2818 2,
652 2776 703 2808 B:
736 2773 869 2819 Deniq;
894 2778 922 2808 r
956 2775 1009 2810 Te
1043 2786 1118 2820 qua
1139 2780 1169 2810 Β
1195 2776 1303 2820 (idem
1327 2787 1396 2821 my.
1415 2786 1488 2821 pro
1512 2786 1594 2810 παν.
1621 2775 1696 2809 lect.

167 2832 352 2877 Denique)
377 2831 433 2868 De
459 2834 517 2877 (ex
543 2833 596 2868 Te
617 2832 653 2877 .9)
678 2843 753 2876 qna
777 2835 808 2866 V
843 2833 857 2877 Ι
895 2837 949 2877 17,
977 2837 1021 2868 18
1045 2833 1113 2869 οηιζ
1140 2837 1172 2868 Π
1201 2835 1215 2879 ΙΙ
1246 2838 1290 2869 17
1315 2845 1408 2879 quas
1431 2838 1459 2868 F
1494 2836 1498 2877 Ι
1526 2833 1644 2879 polles
1668 2837 1697 2867 r

94 2932 98 2933 ⁷
168 2903 215 2928 m.
239 2895 284 2937 3,
310 2894 341 2926 V
364 2903 409 2928 ex
433 2903 543 2928 corn:
575 2893 692 2939 pelles
718 2895 743 2927 0
765 2894 771 2938 Ι
791 2892 966 2938 perhenis
989 2897 1016 2928 Ε
1041 2893 1215 2939 perennis
1238 2898 1267 2929 Β
1286 2897 1317 2928 V
