1898 3190
714 124 1095 163 PROLEGOMENA.
1535 125 1671 162 XXXV

143 238 272 294 mala,
294 235 506 292 mortem',
530 236 641 279 unde
660 235 832 278 uidendi
857 235 1068 278 uocabulo
1086 235 1310 278 notionem
1329 233 1513 276 adeundi
1539 236 1669 290 atque

139 308 391 364 experiundi
425 307 668 362 uindicant3
712 309 827 350 recte
858 306 903 348 id
934 306 1125 362 quidem,
1162 321 1258 348 cum
1290 304 1482 348 ‘uidere'
1519 306 1565 347 in
1602 306 1672 348 his

139 379 356 435 significet
395 378 614 421 ‘noscere'
660 381 787 434 atque
829 378 960 420 etiam
1003 377 1262 420 conciliante
1303 392 1416 419 nexu
1460 375 1671 432 ‘primum

138 463 315 493 noscere
343 464 432 492 non
471 449 563 492 sine
600 447 879 491 discrimine'.
927 448 1028 490 hinc
1065 462 1169 490 uero
1209 447 1380 489 ‘uidere
1417 447 1554 490 feras'
1593 462 1671 503 pro

138 519 343 576 ‘expen'ri
373 535 470 563 cum
501 520 619 562 uitae
649 519 837 575 periculo
868 517 1005 566 feras'
1043 519 1151 560 bene
1183 521 1382 574 recteque
1414 519 1499 561 dici
1530 533 1671 574 posse,

137 605 216 634 nec
246 590 415 634 ratione
445 590 679 646 conligitur
702 604 780 632 nec
806 590 893 632 ullo
921 590 1118 644 exemplo
1144 590 1384 632 stabilitum
1412 592 1490 631 est.
1534 590 1671 632 sensit

143 661 227 704 hoc
256 661 475 717 Heinsius,
507 662 643 704 sensit
673 661 966 716 Burmannu83
997 661 1153 717 quibus
1185 662 1391 704 accedens
1417 675 1566 704 uocem
1593 660 1671 703 (111-

138 731 237 775 dere
245 731 273 788 ⁹,
309 733 412 775 licet
446 732 689 775 emendatio
719 733 884 775 incerta
924 732 1002 786 sit,
1040 732 1322 787 deprauatam
1358 732 1550 775 iudicare
1581 746 1669 774 non

141 803 303 846 dubito.
350 817 481 858 porro
512 819 553 845 u.
585 803 662 845 20:

419 885 481 928 Et
509 886 634 928 labor
663 885 710 927 in
740 885 919 941 magicis
951 899 1076 928 sacra
1106 885 1224 940 piare
1255 885 1364 928 focis

138 969 258 1012 uarie
294 967 339 1011 id
371 967 485 1024 quod
517 970 583 1010 est
614 967 758 1009 ‘sacra
789 966 929 1022 piare'
960 967 1300 1022 interpretantur
1332 967 1487 1023 (ueluti
1518 969 1666 1025 Haup-

134 1040 237 1096 tius,
267 1042 316 1082 ut
340 1038 564 1081 didicimus
596 1053 647 1080 ex
680 1039 785 1081 eiusx
796 1038 1056 1094 panegyrico
1084 1037 1274 1081 Berolim'
1301 1055 1337 1082 a.
1367 1041 1479 1083 1879
1506 1041 1666 1083 emisso

136 1126 178 1167 p.
196 1112 267 1166 91,
298 1109 474 1166 ‘piando
494 1125 616 1152 sacra
634 1108 828 1165 facere’);
860 1109 934 1152 sed
960 1124 1012 1151 ex
1036 1110 1256 1153 locutione
1276 1111 1458 1154 mirifica
1477 1112 1667 1167 qualem-

137 1196 315 1238 cumque
353 1196 526 1224 sensum
567 1183 869 1237 extorquentes
907 1195 1039 1223 unum
1075 1183 1359 1237 neglexerunt
1396 1197 1563 1237 omnes,
1600 1197 1669 1225 cu-

134 1253 274 1295 iusuis
304 1267 399 1295 esse
430 1252 664 1296 sacerdotis
696 1252 799 1294 deos
830 1252 949 1307 piare
981 1250 1053 1307 (cf.
1073 1255 1117 1294 et
1135 1252 1182 1295 L.
1202 1253 1435 1295 Muellerus
1468 1254 1522 1295 ad
1548 1254 1589 1295 h.
1610 1252 1670 1310 1.),

135 1323 208 1366 1110
232 1325 376 1366 autem
401 1323 615 1379 expectari
641 1337 867 1378 magorum
891 1322 1060 1364 facinus
1086 1337 1292 1379 magnum
1319 1324 1470 1379 cuique
1490 1339 1664 1380 respon-

138 1395 240 1447 deat
268 1398 604 1437 commemorata
635 1395 681 1436 in
711 1409 838 1436 uersu
870 1394 1010 1448 priore
1043 1393 1270 1437 ‘deductae
1301 1395 1477 1437 fallacia
1502 1396 1629 1438 lunae
1642 1394 1668 1437 ’.

138 1466 285 1521 itaque
326 1465 398 1508 1110
441 1480 608 1521 quoque
650 1480 739 1508 non
782 1465 906 1507 anxie
955 1465 1327 1520 circumeundum,
1376 1465 1451 1508 sed
1497 1467 1668 1508 nauiter

137 1535 375 1579 tollendum
405 1539 500 1578 erat
529 1537 695 1578 uitium.
727 1560 783 1566 —
815 1535 997 1591 denique
1028 1550 1068 1577 u.
1100 1535 1157 1578 33
1173 1550 1234 1591 sq.

341 1629 394 1673 In
423 1644 498 1672 me
523 1634 671 1672 nostra
701 1630 849 1672 Venus
880 1633 1030 1672 noctes
1062 1634 1231 1672 exercet
1263 1646 1452 1686 amaras,

420 1700 480 1743 Et
508 1701 628 1744 nullo
660 1715 821 1744 uacuus
851 1703 1046 1756 tempore
1078 1700 1182 1743 defit
1213 1716 1335 1744 amor

139 1795 300 1838 tradita
330 1796 459 1838 lectio
490 1796 666 1838 retineri
696 1796 859 1851 nequit.
908 1795 1053 1837 uerbis
1085 1795 1253 1838 ‘nostra
1270 1795 1435 1838 Venus'
1467 1797 1666 1853 intellegi

136 1868 289 1910 uolunt
325 1865 568 1922 Cynthiam.
622 1867 820 1909 solebant
862 1881 967 1908 sane
1003 1869 1200 1909 amantes
1238 1867 1425 1922 puellam
1464 1868 1664 1910 dilectam

139 1937 371 1980 blandifico
407 1938 581 1980 nomine
618 1938 838 1993 appellare
869 1936 1102 1979 ‘Venerem
1142 1936 1305 1992 suam'3
1342 1952 1481 1993 neque
1518 1941 1664 1980 tamen

136 2009 208 2052 hic
243 2009 308 2051 ita
342 2022 498 2052 uocare
534 2007 677 2062 potuit
706 2007 955 2063 Propertius
994 2007 1212 2050 dominam
1252 2008 1405 2050 duram
1436 2009 1587 2064 cuique
1619 2009 1664 2051 111

138 2094 265 2123 0111110
293 2082 463 2135 tempus
495 2079 583 2121 iam
608 2081 675 2121 est
705 2079 1006 2121 ualedicturus.
1057 2081 1100 2120 et
1131 2079 1265 2121 uerba
1297 2079 1461 2122 ‘noctes
1494 2083 1665 2121 exercet

137 2149 324 2193 amaras’
347 2150 400 2193 de
418 2149 608 2206 Cynthia
637 2150 765 2192 nimis
798 2150 1021 2206 magnifice
1053 2149 1166 2192 dicta
1196 2150 1341 2204 potius
1375 2150 1428 2192 ad
1448 2149 1663 2192 Venerem

138 2221 261 2264 deam
291 2236 372 2264 nos
404 2223 623 2264 reuocant.
678 2221 863 2263 maxime
892 2235 995 2263 uero
1026 2221 1108 2263 hoc
1140 2221 1411 2264 commendat
1449 2221 1665 2264 distichon

136 2291 406 2347 praecedens.
456 2291 716 2335 ‘remanete'
748 2291 888 2347 inquit
918 2294 1047 2346 poeta
1078 2291 1191 2347 ‘uos‚
1223 2292 1379 2347 quibus
1411 2291 1528 2334 facili
1561 2292 1663 2334 deus

139 2363 292 2405 annuit
310 2377 432 2405 aure:
464 2376 545 2417 ego
564 2362 666 2404 deos
684 2362 825 2405 habeo
845 2362 1050 2405 aduersos
1071 2362 1251 2417 ideoque
1269 2363 1481 2418 proficisci
1502 2362 1663 2419 cogor’.

137 2433 213 2476 sed
255 2434 292 2476 si
334 2433 451 2475 diam
494 2432 724 2488 Venerem,
772 2435 822 2475 ut
860 2448 940 2488 par
985 2437 1068 2488 est,
1111 2434 1426 2489 amplectimur,
1470 2433 1663 2474 additum

137 2503 317 2546 ‘nostra'
340 2503 516 2546 tolerari
541 2504 701 2558 nequit.
745 2504 858 2559 quod
884 2505 957 2560 qui
984 2505 1102 2547 solus
1127 2507 1243 2546 recte
1268 2504 1489 2559 perspexit
1509 2503 1661 2545 Petrus

137 2573 357 2630 Francius,
386 2575 425 2617 is
456 2573 594 2616 ‘dura'
619 2574 733 2616 iusto
759 2574 991 2617 uiolentius
1017 2575 1210 2618 coniecit.
1253 2575 1426 2630 reposui
1452 2573 1662 2628 ‘maesta',

137 2645 357 2701 conligens
382 2645 404 2687 I
432 2645 499 2700 14,
527 2645 582 2686 15
607 2643 723 2687 ‘nam
754 2645 849 2700 quis
879 2645 1043 2687 diuitiis
1075 2645 1257 2688 aduerso
1290 2645 1448 2701 gaudet
1474 2644 1662 2685 Amore?

135 2715 255 2757 nulla
283 2715 390 2758 mihi
420 2716 531 2758 tristi
560 2715 752 2770 praemia
783 2716 870 2758 sint
905 2715 1074 2759 Venere'
1113 2719 1156 2758 et
1193 2731 1300 2772 quae
1342 2717 1578 2771 sequuntur
1609 2715 1662 2756 ad

137 2800 228 2828 rem
265 2785 578 2828 inlustrandam
621 2785 836 2828 facientia.
892 2787 964 2842 qui
1004 2787 1124 2829 locus
1162 2801 1230 2828 me
1270 2786 1483 2842 pei-mouit
1521 2785 1663 2839 etiam,

138 2858 187 2898 ut
221 2856 266 2898 in
305 2871 432 2898 uersu
469 2857 632 2899 minore
669 2870 918 2912 reponerem
964 2872 1144 2912 puerum
1182 2858 1329 2899 alitem
1369 2856 1537 2912 (omnes
1576 2855 1660 2897 edi-

1333 2924 1378 2959 Ο*
