1898 3190
195 155 279 197 190
646 155 908 192 PROPERTII
932 156 1021 191 LIB.
1047 156 1110 192 IV.
1137 159 1169 191 9.
1196 160 1251 193 10.

313 263 384 306 Sic·
413 279 538 306 anus:
570 264 642 305 ille
673 263 864 306 humeris
895 266 1042 319 postes
1075 264 1291 306 concussit
1323 279 1499 320 opacos,

369 334 461 377 Nec
491 335 596 376 tulit
625 335 781 377 iratam
814 335 945 378 ianua
975 335 1122 377 clausa
1153 336 1283 378 sitim.

312 406 372 448 At
402 408 633 461 postquam
666 405 874 448 exhausto
905 407 992 448 iam
1023 406 1198 448 flumine
1229 407 1393 449 uicerat
1425 409 1608 461 aestum,

369 476 499 519 Ponit
529 479 602 520 uix
635 478 758 521 siccis
789 478 933 520 tristia
964 478 1060 519 iura
1090 477 1241 520 labris:

251 547 529 603 65‘Angulus
560 548 631 590 hic
661 548 810 590 mundi
840 563 954 590 nunc
985 563 1053 590 me
1085 562 1181 590 mea
1211 548 1304 590 fata
1334 548 1576 590 trahentem

369 618 558 673 Accipit:
589 618 698 660 haec
728 619 844 661 fesso
876 619 949 660 uix
980 618 1089 660 mihi
1119 621 1236 660 terra
1267 621 1402 673 patet.

309 689 500 731 Maxima
532 703 640 743 quae
673 690 876 745 gregibus
909 689 1066 731 deuota
1097 691 1164 731 est
1195 704 1270 732 ara
1299 690 1502 745 repertis,

369 761 460 802 Ara
489 775 566 814 per
595 759 690 802 has'
723 760 865 815 inquit
895 759 1099 802 ‘maxima
1129 761 1246 803 facta
1275 775 1448 816 manus,

311 831 428 873 Haec
459 832 590 873 nullis
622 846 828 887 umquam
858 833 1008 887 pateat
1039 832 1284 874 ueneranda
1313 832 1490 887 puellis:

255 915 298 945 το
372 902 573 945 Ηο1011118
607 917 660 944 011
690 902 862 944 ueniam
892 903 1031 944 nescit
1060 902 1200 944 inulta
1231 901 1354 944 sitis?
1396 902 1399 903 ⁷

253 985 296 1016 73
312 974 445 1027 Huic,
477 974 679 1029 quoniam
710 973 908 1015 manibus
939 975 1172 1029 purgatum
1205 975 1408 1015 sanxerat
1437 973 1602 1025 orbem,

251 1055 296 1087 74
371 1043 442 1086 Sic
474 1043 679 1087 Sanctum
710 1044 863 1086 Tatiae
896 1059 1175 1099 composuere
1206 1043 1352 1087 Cures.

252 1127 294 1159 71
311 1114 465 1157 Sancte
497 1117 638 1170 pater,
671 1115 809 1166 salue,
841 1115 908 1156 cui
939 1115 1027 1157 iam
1057 1114 1176 1157 fauet
1208 1129 1361 1170 aspera
1391 1113 1518 1157 Iuno:

253 1197 295 1230 72
372 1185 545 1242 Sancte,
576 1186 683 1228 uelis
714 1185 825 1227 libro
859 1184 1005 1227 dexter
1036 1185 1177 1228 inesse
1207 1199 1317 1228 meo.

929 1460 983 1509 X.

311 1565 437 1609 Nunc
467 1565 585 1608 Iouis
617 1565 821 1621 incipiam
853 1579 1004 1608 causas
1037 1564 1203 1620 aperire
1233 1563 1414 1619 Feretri,

370 1638 588 1692 Armaque
621 1637 672 1678 de
704 1636 882 1679 ducibus
913 1636 1032 1678 trina
1061 1637 1236 1691 recepta
1265 1635 1417 1678 tribus.

310 1707 521 1764 Magnum
551 1707 635 1749 iter
667 1708 868 1763 ascendo,
900 1706 975 1749 sed
1005 1706 1079 1749 dat
1108 1706 1215 1748 mihi
1245 1706 1388 1762 gloria
1418 1707 1547 1750 uires:

369 1777 471 1820 Non
501 1779 623 1821 iuuat
655 1794 677 1821 e
707 1779 827 1822 facili
857 1780 968 1821 lecta
1000 1793 1158 1821 corona
1181 1779 1296 1834 iugo.

275 1849 440 1891 5Inicis
473 1851 714 1906 exemplum
746 1851 910 1905 primae
941 1853 1005 1906 tu,
1036 1849 1236 1901 Romule,
1267 1850 1436 1905 palmae

369 1920 526 1977 Huius,
559 1924 602 1962 et
633 1922 787 1963 exuuio
818 1922 971 1976 plenus
1004 1921 1058 1963 ab
1089 1921 1215 1963 hoste
1245 1920 1378 1976 redis,

287 2110 378 2145 Vim.
404 2122 503 2144 ωεστ.
555 2113 598 2145 62
627 2109 753 2144 clausa
777 2108 891 2143 ianua
915 2112 962 2153 F,
987 2109 1083 2153 quod
1106 2109 1222 2154 siynis
1246 2118 1371 2153 appos.
1398 2117 1488 2144 corr.
1514 2120 1560 2146 m.
1578 2112 1606 2146 ‚2
1624 2110 1637 2154 fl
1653 2121 1717 2146 uu.

192 2173 235 2204 65
262 2173 294 2204 et
320 2174 364 2205 66
390 2173 474 2204 ante
499 2173 543 2204 33
570 2169 715 2204 traiecit
740 2168 1018 2203 Luetiohannus
1043 2169 1097 2213 (at
1115 2169 1161 2212 cf.
1187 2168 1236 2203 ad
1259 2179 1297 2203 u.
1322 2168 1382 2212 42)
1408 2168 1421 2213 ΙΙ
1451 2171 1499 2210 61
1521 2167 1718 2213 Maximaq;

190 2232 217 2261 F
239 2230 244 2274 Ι
267 2231 350 2263 ante
375 2227 550 2273 gregibus
576 2238 649 2263 ras.
675 2231 695 2262 1
724 2228 791 2262 litt.
818 2230 848 2261 V
877 2229 890 2272 n
930 2231 973 2263 68
999 2226 1128 2271 inquid
1154 2230 1185 2261 11
1203 2227 1216 2272 ΙΙ
1235 2230 1279 2262 70
1305 2226 1476 2262 Herculis
1500 2238 1547 2262 en
1569 2227 1718 2263 ueniam

189 2287 310 2323 nescit
344 2287 498 2331 scripsi:
536 2286 696 2321 Hercule
731 2285 993 2322 exterminium
1030 2286 1152 2321 nescit
1175 2290 1204 2320 1)
1223 2289 1251 2319 Ε
1269 2289 1301 2320 Π
1326 2285 1498 2321 Herculis
1522 2285 1650 2321 eximii
1671 2297 1719 2321 ne

190 2346 239 2381 sit
265 2347 335 2392 (ita
359 2349 401 2381 ut
424 2346 511 2381 inde
535 2346 581 2381 ab
607 2345 638 2380 18
663 2346 788 2381 omnia
811 2346 853 2381 in
877 2356 950 2381 ras.
976 2346 1051 2380 sint
1080 2346 1219 2390 scripta
1251 2349 1284 2380 et
1308 2346 1371 2380 ext
1394 2348 1428 2380 et
1451 2343 1524 2380 scit
1544 2346 1720 2390 primitus

189 2406 303 2450 fuisse
327 2406 536 2441 etiamnunc
560 2405 754 2450 appareat)
778 2407 809 2438 V
834 2404 1004 2439 Herculis
1024 2405 1217 2439 aeternum
1235 2415 1282 2439 ne
1301 2404 1350 2439 sit
1368 2404 1548 2439 Heinsius
1566 2404 1718 2451 (Hercle

191 2464 451 2500 exterminium
476 2464 597 2499 nescit
622 2463 729 2499 Gonr.
755 2463 995 2508 Rossberyius
1019 2464 1124 2507 male)
1164 2465 1170 2507 Ι
1208 2463 1366 2498 disticha
1395 2474 1488 2508 quae
1515 2467 1602 2499 sumt
1625 2464 1668 2499 in
1691 2467 1717 2498 0

191 2528 232 2559 71
248 2535 299 2569 sq.
325 2527 358 2559 et
384 2527 426 2558 73
440 2533 491 2568 sq.
517 2523 745 2567 transposuit
763 2521 1056 2558 Schmeidewinus
1074 2523 1087 2567 ΙΙ
1108 2526 1151 2558 73
1175 2521 1272 2556 Huic
1290 2522 1584 2558 Laetiohannus:
1609 2522 1718 2559 Hunc

192 2586 216 2617 0
242 2583 352 2618 Nunc
378 2583 475 2616 Itali
499 2582 596 2616 Hinc
621 2582 801 2619 Heinsius
822 2583 827 2626 Ι
849 2582 1017 2616 sanserat
1039 2585 1067 2615 F
1093 2582 1260 2616 senserat
1282 2583 1313 2614 V
1335 2591 1394 2626 my
1429 2592 1476 2616 m.
1501 2584 1527 2617 2
1546 2582 1559 2627 ΙΙ
1578 2585 1623 2617 74
1647 2581 1717 2617 Hic

189 2646 235 2687 1²,
260 2640 384 2677 recte?
408 2642 413 2685 Ι
436 2640 596 2676 Sancum
616 2641 795 2676 Heinsius
817 2643 822 2687 Ι
843 2641 992 2686 taci(a)e
1017 2644 1044 2674 F
1063 2643 1111 2685 113
1132 2640 1231 2675 Tafii
1250 2638 1432 2687 Scaliyerl
1449 2650 1648 2686 coposuere
1663 2641 1717 2689 Vss

192 2706 235 2738 71
263 2713 376 2747 apere
401 2700 487 2736 uino
512 2703 544 2734 N
562 2701 575 2745 ΙΙ
595 2704 638 2736 72
663 2701 794 2736 adesse
821 2702 917 2736 Itali

285 2773 330 2808 X.
378 2771 493 2807 Noua
517 2771 630 2816 eleyia
653 2772 696 2807 in
721 2775 746 2805 0
773 2772 832 2818 (de
858 2771 942 2807 ioue
961 2771 1111 2807 feretrio
1130 2776 1158 2806 Ι)
1177 2772 1238 2816 V)3
1265 2771 1307 2806 in
1324 2773 1356 2804 N
1375 2770 1544 2806 adhaeret
1561 2771 1688 2815 priori
1704 2771 1717 2818 ΙΙ

195 2837 211 2867 1
239 2831 398 2877 Feretri]
426 2829 534 2866 fateri
558 2833 590 2864 N
607 2831 620 2876 ΙΙ
645 2834 666 2864 5
691 2830 801 2865 1111018
825 2831 974 2875 scripsi:
1001 2830 1127 2865 Induis
1153 2834 1177 2864 0
1203 2829 1341 2865 Imbuis
1366 2833 1396 2863 V
1420 2839 1489 2874 my.
1513 2840 1559 2864 m.
1585 2833 1624 2874 2,
1648 2832 1681 2863 R
1703 2830 1716 2876 Η

191 2898 212 2928 6
239 2890 372 2927 exuuio
397 2894 426 2923 1)
445 2892 491 2924 V:
518 2889 654 2924 eximio
678 2892 706 2922 F
732 2891 776 2934 (V
801 2900 868 2934 my.
895 2900 939 2924 m.
964 2891 1006 2934 2)
1031 2888 1164 2925 exuiuo
1188 2892 1220 2923 Ν

1890 2490 1898 2564 ΑΛ..-
1890 2427 1898 2469 Α...
1889 2346 1898 2406 ..m-
1888 2267 1898 2338 A-Au-
1889 2203 1898 2254 ⁴⁴.-
