1898 3190
223 132 306 173 166
662 130 923 167 PROPERTII
947 130 1037 166 LIB.
1064 131 1126 167 IV.
1153 135 1185 166 3.
1210 134 1243 167 4.

397 240 478 281 Illa
507 240 573 282 tui
603 242 773 295 partem
802 238 998 281 uindicat
1028 252 1115 280 una
1144 241 1255 281 toro.

338 309 465 352 Flore
499 309 658 352 sacella
688 312 807 365 tego,
839 308 1036 351 uerbenis
1070 309 1260 364 compita
1290 309 1407 365 uelo,

397 380 457 422 Et
489 384 634 436 crepat
665 381 719 423 ad
751 383 917 423 ueteres
949 380 1083 422 herba
1115 379 1280 423 Sabina
1308 381 1442 424 focos.

341 451 440 494 Siue
472 452 518 494 in
548 453 732 494 finitimo
765 451 930 508 gemuit
962 453 1081 493 stans
1112 453 1271 494 noctua
1300 452 1442 508 tigno,

281 535 325 566 60
402 522 485 565 Seu
516 524 656 565 uoluit
686 523 809 579 tangi
839 537 970 579 parea
1000 523 1174 565 lucerna
1205 537 1344 578 mero,

340 594 423 636 Illa
453 595 543 636 dies
574 595 724 636 hornis
757 594 930 637 eaedem
963 594 1188 636 denuntiat
1220 594 1363 650 agnis,

402 663 700 721 Succinctique
734 666 876 708 calent
907 665 960 707 ad
991 679 1105 707 noua
1136 665 1256 707 luera
1286 680 1438 720 popae.

339 735 427 788 Ne,
457 751 626 792 precor,
659 737 847 779 ascensis
878 736 989 778 tanti
1022 736 1078 778 sit
1109 736 1250 792 gloria
1279 736 1450 779 Bactris

397 808 592 863 Raptaue
625 808 806 850 odoraizo
839 807 1022 849 carbasa
1052 807 1144 849 lina
1175 807 1290 863 duci,

281 889 324 921 65
338 878 548 922 Plumbea
580 894 678 922 cum
709 881 851 922 tortae
885 880 1149 935 sparguntur
1179 878 1372 934 pondera
1401 878 1580 934 fundae,

399 950 616 993 subdolus
648 951 691 991 et
721 949 860 992 uersis
891 949 1088 1004 increpat
1119 958 1243 991 arcus
1275 949 1410 1006 equis.

339 1020 422 1064 Sed
455 1021 548 1078 (tua
581 1021 642 1064 sic
676 1020 849 1063 domitis
881 1019 1067 1062 Parthae
1099 1020 1267 1062 telluris
1300 1020 1483 1064 alumnis

399 1092 513 1134 Pura
545 1091 852 1146 triumphantis
884 1091 1012 1132 hasta
1045 1093 1249 1146 sequatur
1280 1090 1433 1149 equos)

343 1162 601 1217 Incorrupta
631 1163 715 1204 mei
747 1176 954 1204 conserua
983 1161 1159 1203 foedera
1189 1162 1311 1204 lecizi:

282 1246 325 1277 70
399 1233 494 1277 Hae
526 1248 606 1290 ego
638 1237 682 1275 te
715 1233 808 1275 sola
838 1233 933 1288 lege
963 1232 1124 1274 redisse
1156 1233 1301 1275 uelim.

341 1305 559 1360 Armaque
590 1320 687 1347 cum
719 1305 858 1346 tulero
889 1305 1041 1358 portae
1074 1304 1224 1346 uotiua
1256 1303 1475 1361 Capenae,

403 1376 680 1419 Subscribam
711 1374 849 1418 ‘saluo
882 1377 1008 1431 grata
1039 1376 1184 1430 puella
1215 1375 1338 1418 uiro'.

953 1661 1032 1710 IV.

286 1819 293 1821 p
346 1769 580 1824 Tarpeium
610 1782 761 1810 nemus
794 1770 838 1809 et
869 1766 1077 1822 Tarpeiae
1108 1769 1231 1822 turpe
1264 1769 1507 1822 sepulcrum

310 1852 330 1882 2
404 1839 549 1882 Fabor
581 1841 624 1881 et
656 1838 824 1893 antiqui
856 1838 1007 1880 limina
1038 1839 1166 1892 capta
1195 1837 1325 1880 Iouis.

310 1910 470 1953 7Hunc
501 1911 653 1953 Tatius
684 1911 877 1952 montem
909 1909 1023 1951 uallo
1055 1909 1300 1964 praecingit
1331 1923 1502 1965 acerno,

405 1981 592 2037 Fidaque
625 1983 833 2037 suggesta
865 1982 1009 2023 casizra
1041 1982 1220 2023 coronaf,
1249 1980 1394 2023 humo.

319 2148 411 2184 VAE.
438 2159 538 2181 mer.
588 2149 633 2181 56
659 2145 834 2181 uendicat
857 2149 885 2179 Ε
909 2156 955 2180 m.
981 2149 1006 2182 2
1030 2146 1035 2191 Ι
1058 2145 1165 2180 thoro
1190 2148 1218 2178 Ε
1237 2147 1268 2178 N
1293 2143 1366 2180 tori
1390 2147 1420 2177 V
1444 2155 1490 2180 m.
1514 2147 1574 2192 211
1604 2149 1649 2182 59
1674 2147 1754 2182 fini-

223 2208 318 2244 timo
344 2210 376 2243 et
400 2210 427 2240 Ε
453 2210 486 2242 et
510 2208 540 2239 V
565 2216 632 2250 my.
658 2216 703 2240 m.
732 2208 783 2248 2,
808 2207 855 2240 N:
881 2204 1021 2240 furtiuo
1046 2209 1074 2238 D
1094 2207 1140 2249 V,
1167 2207 1200 2240 et
1223 2204 1279 2239 ita
1303 2214 1347 2239 ex
1371 2203 1521 2241 funtiuo
1545 2217 1591 2244 m.
1616 2211 1638 2242 1
1663 2217 1755 2244 corr.

225 2270 252 2300 Ε
275 2268 280 2312 Ι
303 2265 433 2312 genuit
456 2269 484 2299 Ε
509 2276 554 2300 m.
582 2268 602 2299 1
626 2265 631 2311 Ι
652 2266 756 2300 tecto
780 2264 1021 2300 Bwrmannus
1051 2265 1063 2309 ΙΙ
1094 2267 1138 2299 60
1163 2262 1261 2308 tingi
1285 2263 1382 2299 Itali
1401 2265 1407 2307 Ι
1429 2274 1548 2310 pauca
1571 2269 1598 2299 Ε
1623 2277 1668 2302 m.
1693 2270 1720 2303 2
1746 2267 1756 2313 ΙΙ

226 2329 268 2360 61
295 2325 423 2361 hornis
448 2329 476 2358 1>
496 2327 526 2358 V
551 2325 607 2369 (in
630 2325 696 2359 hoc
721 2325 745 2359 h
770 2325 1010 2370 suppuncta):
1037 2323 1137 2359 ornis
1161 2326 1189 2356 Ε
1208 2325 1240 2357 Ν
1274 2323 1280 2368 Ι
1313 2322 1511 2368 denfiptiat
1534 2327 1562 2358 Ε
1590 2326 1595 2369 Ι
1631 2323 1755 2372 agnis]

226 2385 358 2430 anguis
383 2388 410 2418 Ε
436 2395 504 2430 my.
530 2395 575 2419 m.
601 2386 627 2419 2
646 2384 658 2429 ΙΙ
691 2388 734 2420 62
761 2383 976 2427 succinctim
1004 2383 1116 2418 Itali:
1145 2382 1402 2428 succinua)eq;
1428 2385 1453 2416 0
1479 2383 1703 2429 suceincteq;
1727 2387 1755 2418 Ε

225 2456 270 2479 m.
293 2435 341 2488 2,
366 2446 397 2477 N
419 2444 424 2488 Ι
446 2453 546 2488 popo
571 2446 599 2476 Ε
623 2454 668 2478 m.
695 2446 715 2477 1
736 2444 748 2488 ΙΙ
776 2447 819 2478 63
845 2441 979 2478 basstris
1003 2445 1030 2475 Ε
1049 2443 1061 2486 ΙΙ
1080 2446 1125 2477 66
1151 2440 1292 2477 auersis
1317 2441 1540 2477 Fonteinius
1561 2444 1566 2487 Ι
1587 2443 1757 2488 recrepat

226 2506 253 2536 Ε
278 2514 323 2537 m.
350 2506 389 2546 1;
423 2503 519 2538 unde
543 2501 681 2537 auersis
707 2502 746 2536 et
771 2503 901 2547 erepat
924 2501 1084 2537 conicias
1119 2502 1133 2546 ΙΙ
1170 2504 1213 2536 67
1253 2499 1306 2536 sic
1331 2503 1361 2534 V
1386 2511 1430 2536 m.
1456 2503 1501 2545 2,
1525 2503 1573 2536 R:
1604 2499 1655 2536 ait
1677 2505 1706 2535 1)
1725 2503 1756 2535 V

227 2563 302 2598 sint
326 2566 354 2596 Ε
376 2563 380 2606 Ι
404 2561 551 2606 alfipnis
576 2565 603 2595 Ε
623 2564 654 2595 N
672 2562 684 2606 ΙΙ
705 2565 746 2597 71
775 2572 891 2607 capen
917 2572 936 2596 e
961 2565 988 2594 Ε
1014 2560 1146 2608 capine
1170 2563 1202 2594 R

323 2632 386 2668 IV.
436 2632 550 2667 Noua
575 2633 687 2678 eleyia
711 2643 792 2668 cum
815 2632 923 2667 titulo
956 2631 1086 2667 fabula
1117 2631 1311 2677 tarpei(a)e
1335 2631 1378 2666 in
1403 2633 1428 2664 0
1454 2630 1632 2676 (tarpeiae
1656 2643 1756 2667 mors

227 2694 257 2725 V
283 2703 327 2728 m.
354 2692 395 2736 2)
415 2692 427 2736 ΙΙ
448 2694 465 2725 1
495 2692 681 2736 Tarpeum
705 2695 732 2725 Ε
757 2703 802 2726 m.
822 2694 843 2726 1
867 2692 872 2736 Ι
893 2691 1053 2736 tarpelle
1079 2690 1190 2736 (-peie
1209 2702 1254 2726 m.
1274 2691 1314 2735 2)
1339 2693 1367 2723 Ε
1385 2689 1531 2737 tarp019
1549 2692 1581 2723 X
1601 2691 1608 2735 Ι
1628 2690 1754 2737 turpe]

230 2751 359 2797 pulcre
384 2754 412 2784 Ε
436 2761 482 2785 m.
508 2753 528 2784 1
553 2751 558 2794 Ι
581 2750 816 2795 sepulchrum
842 2753 874 2784 Ν
891 2751 904 2795 ΙΙ
922 2754 943 2785 2
969 2749 1111 2784 lumina
1134 2753 1162 2783 Ε
1186 2761 1231 2784 m.
1258 2753 1279 2784 1
1310 2750 1323 2794 ΙΙ
1358 2760 1440 2793 ww,
1465 2749 1530 2793 qui
1551 2752 1639 2784 sunt
1661 2750 1704 2784 in
1729 2753 1754 2784 0

229 2815 341 2854 3-6,
362 2811 447 2854 post
474 2812 517 2842 12
544 2809 673 2844 traieci
701 2809 714 2853 ΙΙ
739 2812 758 2843 7
785 2808 904 2843 tacius
929 2811 956 2842 Ε
975 2811 1007 2842 N
1029 2809 1034 2853 Ι
1056 2808 1220 2844 montem
1244 2807 1439 2843 Heinsius:
1464 2807 1606 2843 fontem
1631 2810 1656 2842 0
1687 2809 1700 2854 ΙΙ
1729 2812 1751 2844 8

228 2870 392 2914 Fixaque
419 2867 597 2904 Oanterus
618 2869 624 2914 Ι
647 2868 823 2914 subgesta
847 2871 874 2901 Ε
