1898 3190
198 140 356 206 'XLVIII
772 170 966 207 PROLEG
972 170 1155 206 OMENA.

197 280 458 334 querebatur
494 280 545 321 de
584 280 699 322 tristi
730 278 898 322 Venere
936 281 1085 322 noctes
1124 280 1169 321 in
1206 294 1252 321 sc
1290 282 1510 322 exercente
1555 295 1725 324 amaras

201 349 260 406 (u.
281 349 368 407 33).
410 351 543 398 immo
570 365 717 393 omnes
745 351 919 393 omnino
944 350 1129 393 feminas
1161 353 1338 406 propter
1367 351 1494 393 unius
1525 351 1726 394 duritiem

199 421 473 477 Propertium
505 425 598 464 tum
631 422 772 464 odisse
803 422 980 464 innuere
1012 422 1183 464 uidetur
1212 437 1252 463 u.
1278 422 1347 464 30.
1388 422 1532 478 itaque
1563 423 1727 465 conieci

197 491 364 535 tdocuit
404 497 570 537 cunctas
615 494 756 536 odisse
787 492 988 549 puellas',
1031 493 1075 535 id
1118 492 1231 548 quod
1262 492 1514 535 Fonteinius
1558 507 1726 549 quoque

198 565 433 620 exemplari
483 579 560 607 suo
605 564 851 620 adscripsit,
901 565 975 607 sed
1025 566 1073 606 ut
1116 564 1367 607 mutationis
1418 579 1591 607 causam
1638 578 1726 606 non

200 636 475 692 significaret.

316 707 527 750 Restituit
563 707 698 764 igitur
735 722 828 749 sese
866 722 967 749 uere
1006 723 1042 749 a.
1073 708 1129 750 27
1167 707 1393 762 Propertio
1426 704 1611 762 Cynthia
1651 704 1725 763 (cf.

200 778 364 834 elegiae
395 779 438 821 II
471 779 498 821 2
531 781 574 820 et
605 779 632 821 3
665 781 708 821 et
742 779 796 820 14
828 781 871 821 et
906 778 976 834 15,
1014 794 1065 821 ex
1097 779 1251 835 quibus
1282 777 1327 820 II
1361 778 1434 833 14,
1469 778 1521 820 19
1559 779 1614 821 ad
1644 778 1666 821 I
1701 780 1723 821 1

200 850 410 905 respicere
448 847 659 907 uidetur),
698 849 771 892 sed
802 852 852 892 ut
892 865 994 892 mox
1025 850 1135 893 alios
1174 851 1391 892 amatores
1422 850 1634 905 reciperet
1665 848 1726 907 (II

203 922 333 964 4-6
367 924 409 963 et
443 920 634 977 17—19)
668 921 926 976 omninoque
959 921 1195 963 dimitteret
1226 921 1420 977 Sextum,
1456 921 1531 964 ubi
1562 923 1726 964 aestate

199 993 288 1034 siue
319 993 465 1047 potius
498 995 703 1035 autumno
737 993 925 1034 eiusdem
959 993 1059 1035 anni
1090 996 1266 1048 praetor
1296 993 1370 1034 ille
1400 992 1601 1047 Illyricus
1635 992 1725 1047 opi-

199 1065 279 1106 bus
301 1063 482 1106 affluens
502 1064 686 1106 Romam
706 1064 835 1106 rediit
860 1062 922 1121 (II
945 1063 1029 1121 16).
1072 1067 1115 1106 et
1138 1066 1280 1119 poeta,
1304 1067 1537 1120 postquam
1562 1063 1725 1106 frustra

196 1135 242 1175 in
278 1138 441 1177 rectam
480 1135 595 1177 uiam
633 1136 751 1189 illam
788 1135 989 1187 reducere
1028 1138 1207 1177 conatus
1245 1137 1311 1177 est
1342 1133 1405 1192 (II
1436 1135 1512 1190 24,
1548 1135 1602 1177 16
1623 1150 1726 1190 sqq„

203 1206 275 1260 qui
307 1221 456 1248 uersus
482 1206 705 1262 proprium
731 1206 924 1248 formant
944 1204 1147 1263 carmen),
1178 1206 1264 1248 iam
1290 1205 1418 1261 plane
1449 1220 1596 1248 amens
1628 1220 1726 1248 con-

198 1277 370 1333 siliique
402 1278 543 1333 impos
577 1279 620 1319 et
651 1278 744 1334 ipse
777 1278 884 1320 alias
918 1278 1073 1320 sectari
1104 1277 1273 1318 induxit
1305 1276 1496 1319 animum
1527 1277 1590 1334 (II
1609 1278 1722 1319 22-

200 1346 297 1405 24),
336 1350 455 1391 cuius
491 1352 640 1391 tamen
670 1350 883 1405 propositi
913 1347 1227 1404 poenitentiam
1259 1362 1391 1404 agens
1432 1349 1634 1391 carminis
1665 1349 1726 1391 ui-

198 1420 348 1462 cesimi
382 1421 557 1463 secundi
594 1421 719 1476 quasi
758 1421 972 1476 quandam
1009 1420 1274 1476 palinodiam
1313 1419 1469 1462 cecinit
1506 1420 1550 1462 in
1588 1420 1727 1476 elegia

158 1490 405 1533 .uicesima
449 1492 613 1547 quinta.
659 1492 720 1534 sic
764 1494 929 1547 septem
973 1507 1049 1547 per
1093 1506 1261 1534 menses
1306 1491 1504 1533 exclusus
1548 1489 1620 1548 (II
1656 1492 1728 1547 20,

197 1561 405 1618 21-24,
444 1563 517 1617 qui
555 1579 624 1605 uu.
656 1578 746 1605 non
785 1578 861 1605 suo
899 1563 994 1605 loco
1034 1565 1228 1605 extantes
1267 1562 1391 1604 initio
1434 1562 1637 1605 carminis
1669 1563 1724 1605 21

198 1634 398 1676 uidentur
429 1633 669 1692 reddendi),
699 1637 932 1690 postquam
962 1634 1156 1677 Panthus
1195 1638 1369 1690 praetor
1399 1634 1587 1677 deseruit
1617 1633 1727 1690 Cyn-

198 1704 338 1747 thiam
374 1705 434 1761 (II
467 1706 535 1761 21,
568 1707 689 1748 cuius
721 1721 760 1748 u.
793 1706 820 1748 3
851 1706 1038 1749 fortasse
1071 1708 1238 1761 spectat
1269 1705 1323 1748 ad
1353 1705 1397 1747 Π
1427 1705 1497 1761 24,
1528 1703 1620 1762 32),
1648 1705 1726 1747 ite-

199 1792 295 1818 rum
329 1792 354 1819 a
384 1776 547 1818 femina
583 1777 670 1819 iam
708 1777 903 1819 desolata
940 1779 1178 1820 reuocatur.
1233 1778 1441 1832 tantaque
1473 1776 1633 1819 amoris
1664 1777 1727 1819 in-

199 1847 323 1890 sania
359 1848 587 1890 tenebatur
625 1850 674 1890 ut
713 1864 738 1890 a
775 1848 954 1890 muliere
993 1847 1125 1890 infida
1163 1847 1369 1890 desistere
1406 1848 1558 1904 nollet,
1593 1848 1727 1890 immo

197 1922 453 1974 perpetuum
485 1920 532 1961 in
563 1933 659 1961 eam
691 1934 882 1962 amorem
913 1934 1015 1974 prae
1048 1934 1093 1961 se
1119 1919 1252 1962 ferret
1282 1918 1344 1974 (II
1376 1919 1434 1961 20
1453 1921 1497 1961 et
1515 1917 1592 1975 21)
1623 1933 1726 1975 gau-

199 1991 402 2046 deretque
435 1991 517 2032 sibi
542 1991 755 2033 redditam
782 1990 844 2048 (II
870 1989 958 2048 26).
999 2005 1178 2046 cumque
1205 1992 1370 2032 aestate
1395 1990 1497 2032 anni
1522 1989 1579 2032 26
1604 1989 1728 2046 graui

202 2059 396 2116 Cynthia
428 2061 673 2104 afficeretur
704 2063 874 2117 morbo,
912 2062 962 2104 de
995 2063 1086 2104 eius
1118 2061 1212 2104 uita
1249 2062 1400 2104 anxius
1432 2060 1727 2116 sollicitusque

199 2133 360 2187 agebat
390 2130 452 2188 (II
484 2133 539 2174 27
574 2135 617 2175 et
648 2132 737 2190 28).
783 2136 825 2175 et
855 2133 1026 2175 uidetur
1058 2148 1155 2175 cum
1186 2133 1331 2188 puella
1362 2134 1515 2175 sanata
1544 2146 1622 2187 per
1653 2131 1726 2173 ali-

200 2203 314 2259 quod
357 2205 528 2258 tempus
570 2205 839 2247 concorditer
875 2205 1033 2247 uixisse
1071 2202 1191 2260 (nam
1222 2218 1273 2245 ex
1310 2203 1553 2260 fragmento
1583 2201 1628 2244 Π
1658 2203 1728 2259 30,

209 2276 381 2317 19-22
411 2275 474 2317 nil
506 2276 735 2319 concludas
767 2275 904 2332 certi).
946 2278 1152 2318 autumno
1185 2277 1328 2318 autem
1359 2274 1460 2316 anni
1490 2274 1606 2316 illius
1637 2287 1727 2316 car-

201 2361 297 2388 men
331 2346 375 2388 II
402 2347 455 2388 31
474 2345 821 2402 *)·eiusdemque
850 2346 926 2388 fini
957 2346 1000 2387 II
1026 2347 1083 2388 34
1114 2345 1392 2388 tribuendum
1422 2347 1529 2400 puto
1561 2341 1728 2388 statim-

200 2433 280 2474 que
324 2418 574 2473 euulgatum
611 2418 769 2460 librum
807 2417 1038 2459 secundum
1074 2418 1313 2473 praemisso
1351 2417 1406 2459 ad
1435 2417 1728 2460 Maecenatem

204 2489 439 2544 prooemio,
470 2489 516 2530 in
546 2503 629 2544 quo
660 2503 750 2531 non
781 2489 925 2531 minus
952 2490 1080 2543 atque
1108 2489 1154 2530 in
1179 2488 1334 2530 ultima
1352 2488 1491 2543 elegia
1516 2488 1574 2530 34
1603 2488 1727 2530 unice

295 2631 328 2676 *)
364 2630 537 2666 dedicata
568 2632 624 2665 est
654 2630 764 2665 aedes
797 2629 982 2675 Apollinis
1014 2629 1178 2665 Palatini
1201 2628 1300 2664 VIII.
1326 2628 1407 2664 Kal.
1434 2628 1528 2664 Nou.
1561 2639 1594 2664 a.
1621 2631 1666 2664 28
1691 2639 1724 2664 a.

199 2690 283 2726 Chr.
309 2703 363 2735 n.,
401 2689 466 2725 sed
498 2690 664 2734 apertam
701 2689 858 2725 eandem
888 2688 1112 2734 publicoque
1150 2688 1234 2723 usui
1266 2687 1451 2733 porticum
1488 2686 1717 2733 patefactam

200 2761 279 2786 esse
311 2760 407 2785 anno
440 2749 589 2784 demum
622 2752 667 2784 26
698 2747 934 2784 manifestum
966 2748 1009 2783 fit
1038 2749 1163 2783 nostro
1196 2746 1370 2782 carmine.
1421 2746 1723 2782 obscurissimum

200 2810 339 2855 quippe
365 2810 439 2850 est,
472 2819 536 2842 cur
560 2807 792 2853 Propertius,
825 2807 856 2843 si
880 2807 955 2842 iam
981 2818 1013 2842 a.
1040 2810 1085 2842 28
1111 2807 1208 2842 hanc
1233 2805 1395 2851 elegiam
1422 2805 1646 2851 composuit,
1670 2805 1725 2840 in-

202 2879 321 2904 serere
347 2867 510 2903 noluerit
535 2867 631 2902 libro
657 2866 788 2912 primo,
815 2865 879 2901 sed
904 2866 1076 2910 secundo,
1103 2877 1187 2901 cum
1210 2867 1337 2900 tamen
1357 2865 1514 2899 exeunte
1539 2875 1573 2900 a.
1593 2868 1639 2899 26
1664 2864 1726 2899 de·

201 2926 351 2972 scriptio
377 2927 444 2962 illa
470 2926 649 2961 nouitatis
675 2925 796 2971 gratia
821 2926 932 2971 plane
960 2926 1111 2961 careret.
