1898 3190
647 191 909 230 PBOPEBTII
931 190 1022 227 LIB.
1047 189 1111 226 ΠΙ.
1138 192 1170 225 7.
1596 186 1680 228 115

860 374 966 421 VII.

267 480 387 537 Ergo
419 481 634 523 sollicitae
663 485 712 522 tu
743 493 889 533 eausa,
918 477 1117 533 pecunia,
1147 476 1264 518 uitae
1295 476 1358 518 es!

327 551 409 594 Per
439 553 483 593 te
514 551 779 592 inmaturum
809 549 962 591 mortis
994 548 1162 590 adimus
1193 547 1287 588 iter.

269 621 336 664 Tu
365 622 485 664 uitiis
515 621 741 664 hominum
772 619 959 662 crudelia
989 619 1150 673 pabula
1178 617 1377 673 praebes:

329 692 503 736 Semina
534 707 732 735 curarum
763 692 815 734 de
847 692 988 747 eapite
1020 693 1118 733 orta
1147 692 1236 732 tuo.

0 821 3 827 Ι
235 763 335 806 5Tu
365 763 547 806 Paetum
579 763 634 806 ad
663 763 845 805 Pharios
876 762 1120 804 tendentem
1152 761 1287 802 lintea
1317 762 1468 815 portus

0 868 4 894 ,
335 833 494 877 obruis
525 836 678 877 insano
709 836 860 889 terque
892 835 1127 889 quaterque
1158 831 1279 874 mari.

0 907 4 915 ⁸
270 905 386 950 Nam
416 906 518 948 dum
547 909 591 948 te
623 905 833 961 sequitur,
864 905 1004 960 primo
1035 904 1166 945 miser
1197 902 1356 945 excidit
1386 917 1518 956 aeuo,

329 976 390 1020 Et
418 991 534 1020 noua
563 976 813 1032 longinquis
844 975 1034 1030 piscibus
1066 989 1165 1017 esea
1195 975 1339 1016 natat:

269 1047 331 1090 Et
358 1050 499 1090 mater
527 1062 617 1090 non
647 1047 762 1089 iusta
792 1046 889 1101 piae
921 1046 1022 1088 dare
1053 1045 1199 1087 debita
1228 1047 1387 1099 terrae,

215 1130 259 1162 10
328 1118 421 1162 Nec
451 1121 553 1174 pote
585 1120 793 1174 cognatos
824 1118 938 1161 inter
966 1117 1147 1159 humare
1178 1130 1328 1172 rogos,

275 1189 359 1233 Sed
388 1193 466 1233 tua
494 1205 607 1232 nune
638 1190 836 1232 uolucres
869 1189 1043 1231 adstant
1075 1203 1203 1243 super
1234 1202 1334 1230 ossa
1363 1187 1577 1237 marinae,

334 1260 462 1304 Nunc
493 1262 575 1303 tibi
604 1276 683 1316 pro
714 1260 880 1302 tumulo
913 1258 1196 1314 Carpathium
1228 1273 1355 1300 omne
1388 1272 1506 1299 mare
1538 1260 1615 1299 est.

274 1332 435 1375 Infelix
466 1331 643 1388 Aquilo,
673 1334 824 1387 raptae
854 1332 986 1373 timor
1018 1329 1259 1385 Orithyiae,

333 1402 451 1454 Quae
483 1402 622 1457 spolia
653 1416 704 1444 ex
736 1403 812 1444 illo
842 1404 967 1444 tanta
997 1401 1116 1443 fuere
1147 1400 1258 1442 tibi?

217 1484 261 1517 15
274 1474 366 1516 Aut
396 1474 599 1530 quidnam
629 1473 769 1515 fracta
799 1473 980 1529 gaudes,
1010 1472 1229 1527 Neptune,
1260 1470 1436 1514 carina?

332 1543 544 1587 Portabat
575 1546 747 1587 sanctos
779 1544 928 1586 alueus
958 1543 1031 1585 ille
1063 1543 1194 1585 uiros.

273 1615 422 1672 Paete,
453 1615 557 1671 quid
589 1617 776 1658 aetatem
806 1614 1039 1656 numeras?
1072 1613 1174 1669 quid
1205 1628 1304 1656 cara
1333 1614 1508 1656 natanti

331 1686 473 1730 Mater
502 1687 548 1729 in
579 1701 652 1730 ore
682 1686 765 1728 tibi
796 1685 890 1728 est?
919 1700 1009 1727 non
1037 1685 1172 1727 habet
1202 1684 1316 1726 unda
1346 1684 1461 1727 deos.

275 1756 392 1800 Nam
421 1757 504 1800 tibi
533 1757 757 1800 nocturnis
789 1756 843 1798 ad
876 1771 979 1798 saxa
1010 1756 1149 1812 ligata
1179 1755 1382 1811 procellis

216 1838 263 1870 20
339 1827 495 1871 Omnia
525 1827 683 1870 detrito
715 1827 888 1869 uincula
917 1827 1020 1868 fune
1054 1826 1224 1869 eadunt.

277 1896 387 1941 Sunt
418 1897 787 1955 Agamemnonias
817 1898 1027 1941 testantia
1055 1898 1186 1941 litora
1217 1912 1360 1949 curas,

335 1969 430 2020 Qua
458 1971 583 2013 notat
612 1970 844 2025 Argynnus
874 1983 1060 2024 poenam
1091 1968 1301 2011 inhiantis
1332 1982 1489 2023 aquae:

251 2096 343 2134 Vn.
369 2111 489 2140 nnc-r„
535 2097 616 2133 VII.
664 2097 778 2132 Noua
815 2097 928 2142 eleyia
958 2098 1000 2132 in
1023 2101 1052 2131 Β
1071 2100 1103 2131 Π
1121 2102 1151 2133 V
1182 2097 1242 2142 (de
1266 2098 1386 2132 morte
1419 2098 1500 2146 peti
1525 2100 1564 2134 et
1587 2100 1687 2135 malo

158 2156 340 2192 auaritiae
363 2161 393 2191 Β
411 2158 474 2202 V);
505 2157 632 2202 priori
655 2157 846 2201 eoniunyit
875 2159 922 2200 Ἐς
954 2156 1132 2192 intactwm
1162 2157 1296 2202 reliqui
1319 2167 1491 2192 uersuum
1524 2159 1687 2194 ordinem

159 2227 379 2262 quamquam
408 2217 518 2252 ualde
547 2217 751 2261 turbatum,
782 2227 884 2261 quem
914 2217 1101 2252 restituere
1124 2216 1289 2263 Scaliyer
1320 2221 1353 2252 et
1381 2216 1481 2252 Guil.
1510 2217 1689 2253 Ganterus

156 2274 257 2311 Nou.
281 2275 394 2310 Lectt.
419 2275 454 2310 V
479 2279 524 2310 30
556 2277 802 2319 conabantur;
834 2286 896 2320 eyo
928 2276 1005 2321 ipse
1037 2277 1148 2313 Misc.
1176 2277 1266 2313 Grit.
1287 2288 1328 2321 p.
1355 2279 1518 2311 99—103
1551 2278 1606 2312 ita
1631 2288 1688 2312 or-

158 2335 309 2370 dinaui:
337 2338 469 2377 1—10;
495 2338 653 2378 43—66;
673 2338 833 2378 29—423
853 2338 1011 2378 21—243
1038 2339 1173 2379 17,18;
1204 2339 1259 2379 11,
1282 2339 1340 2377 12;
1366 2339 1419 2379 19,
1441 2339 1503 2379 203
1531 2340 1688 2380 13—163

159 2397 316 2437 67-‘103
342 2396 483 2429 25-28
508 2394 723 2438 (praeeunte
747 2394 963 2439 Scaliyero);
992 2398 1048 2439 71,
1075 2399 1119 2430 72
1144 2395 1158 2440 ΙΙ
1183 2399 1202 2429 1
1230 2405 1269 2430 es
1294 2399 1323 2428 Β
1341 2397 1372 2428 V
1397 2398 1438 2438 (F
1462 2406 1507 2431 m.
1534 2396 1593 2440 2):
1619 2406 1685 2431 om.

159 2454 189 2486 1·
205 2454 239 2486 1!
255 2452 269 2497 Ι
286 2455 308 2486 2
334 2451 476 2487 immat.
495 2456 524 2486 Β
542 2455 573 2486 V
591 2453 604 2498 ss
623 2457 644 2488 5
668 2453 798 2498 petum
825 2454 988 2499 (semper)
1011 2457 1040 2487 r
1058 2457 1092 2488 1(
1114 2455 1266 2499 poetum
1286 2456 1317 2487 V
1341 2464 1494 2499 semper,
1520 2458 1554 2490 et
1576 2456 1629 2490 sic
1647 2460 1688 2500 Β,

159 2511 224 2556 qui
245 2511 312 2546 hoc
335 2522 409 2546 uno
434 2512 509 2546 loco
533 2513 664 2560 petum
687 2512 792 2547 habet
813 2516 819 2557 1
839 2512 953 2548 farios
975 2517 1004 2547 F
1039 2515 1044 2558 Ι
1080 2513 1225 2549 linthea
1248 2517 1277 2547 F
1307 2514 1321 2559 Ι]
1352 2518 1372 2548 6
1397 2524 1501 2558 mary
1526 2517 1570 2559 F,
1596 2525 1688 2550 corr.

160 2580 230 2615 my.
253 2581 300 2606 m.
326 2571 384 2616 2!
404 2575 446 2605 11
473 2572 598 2606 astant
621 2574 654 2606 Π
680 2573 693 2617 ΙΙ
722 2575 765 2606 12
791 2573 848 2607 est
872 2583 937 2608 om.
964 2576 1008 2617 Ξ,
1036 2573 1120 2608 add.
1147 2584 1192 2608 m.
1218 2575 1245 2608 2
1275 2574 1288 2617 u
1318 2576 1361 2607 13
1387 2572 1520 2608 orithie
1545 2576 1572 2606 r
1590 2576 1639 2617 R,
1658 2576 1689 2606 V

159 2638 206 2664 m.
229 2631 251 2663 1
278 2628 453 2674 (orithyie
477 2641 523 2666 m.
549 2631 590 2675 2)
622 2629 795 2674 erythiae
819 2635 849 2665 Β
878 2632 892 2676 fl
923 2635 967 2667 17
991 2643 1175 2667 memoras
1202 2631 1458 2677 Schraderusu
1487 2635 1530 2667 18
1555 2632 1625 2667 tibi
1649 2632 1688 2667 in

161 2697 225 2723 ore
250 2689 310 2724 eet
331 2691 364 2723 Ἡ
382 2688 478 2736 {non
501 2691 615 2735 pauet
639 2701 674 2724 u.
701 2689 790 2726 deos
815 2690 1073 2735 Burmannus3
1103 2703 1179 2727 non
1203 2691 1308 2727 fauet
1337 2704 1372 2727 u.
1399 2692 1493 2726 adeo
1520 2702 1581 2736 eyo
1602 2703 1687 2737 pro-

157 2747 270 2792 posui
298 2747 312 2792 ΙΙ
345 2751 388 2783 19
414 2759 502 2783 saxa
526 2760 614 2784 num
638 2748 871 2795 yenuinum?
898 2750 912 2794 ss
940 2754 987 2785 20
1013 2750 1157 2786 deterto
1181 2754 1210 2785 Ε
1231 2751 1237 2797 Ι
1258 2750 1410 2786 luneula
1433 2754 1478 2795 1²,
1503 2761 1594 2786 corr.
1621 2762 1688 2796 my.

130 2840 139 2848 ,
161 2817 207 2842 m.
231 2808 259 2842 2
276 2807 290 2851 Ι
306 2810 351 2841 21
377 2807 642 2852 agamenonias
667 2808 725 2853 ἙΙΙ
744 2811 788 2842 22
815 2807 918 2851 Quae
942 2811 973 2843 V
994 2810 1000 2854 Ι
1020 2810 1129 2845 notat
1154 2812 1197 2844 0:
1223 2810 1331 2845 natat
1355 2813 1382 2843 F
1407 2821 1452 2845 m.
1477 2812 1504 2845 2
1529 2810 1654 2847 notae
1681 2809 1686 2854 Ι

162 2865 360 2911 Argynnus
391 2865 748 2912 Waardenbwryius:
781 2866 952 2913 argiuum
975 2872 1005 2902 Β
1022 2871 1053 2902 V
1087 2868 1235 2914 argiuni
1258 2872 1286 2903 r
1311 2867 1450 2914 agynni
1474 2871 1506 2902 R
1531 2867 1688 2913 argynni

162 2926 194 2958 V
216 2935 285 2969 my.
310 2935 356 2959 m.
382 2928 408 2960 2
430 2926 436 2969 l
456 2935 616 2970 poenam
641 2923 820 2961 inhiantis
846 2937 965 2972 aquae
989 2928 1138 2973 scripsi:
1163 2938 1286 2974 poena
1312 2926 1489 2962 minantis
1516 2938 1635 2971 aquae
1663 2929 1689 2960 0

1356 2985 1404 3021 8*
