1898 3190
231 153 287 196 58
359 203 363 207 .
717 155 977 191 PROPERTII
1002 156 1093 192 ΜΒ.
1119 156 1164 192 11.
1191 160 1246 193 13.

351 261 474 305 Desit
505 263 728 305 odoriferis
761 264 866 305 ordo
899 264 1004 306 mihi
1035 264 1252 318 lancibus,
1282 264 1426 307 adsint

409 334 555 376 Plebei
587 349 747 389 paruae
779 334 942 376 funeris
969 335 1189 389 exequiae:

291 415 335 446 25
351 402 426 446 Sat
457 420 554 448 mea
585 405 646 448 sic
676 407 896 461 magnast,
929 406 964 448 si
995 408 1081 448 tres
1114 407 1220 461 sint,
1251 421 1428 462 pompa,
1459 407 1612 462 libelli,

410 476 527 526 Quos
561 491 641 533 ego
672 477 972 532 Persephonae
1004 477 1191 519 maxima
1223 477 1336 520 dona
1367 478 1514 520 feram.

351 547 416 589 Tu
447 563 550 590 uero
582 548 743 590 nudum
775 551 922 604 pectus
954 549 1143 590 lacerata
1175 549 1382 604 sequeris,

408 618 499 661 Nec
530 619 662 661 fueris
693 634 850 662 nomen
881 620 995 661 lassa
1025 634 1179 662 uocare
1210 634 1369 675 meum,

351 690 590 745 Osculaque
622 691 669 732 in
700 690 853 746 gelidis
884 705 1020 745 pones
1054 705 1254 745 suprema
1282 690 1473 745 labellis,

290 771 335 802 30
409 760 517 803 Cum
551 760 725 804 dabitur
757 760 882 817 Syrio
914 777 1090 804 munere
1123 763 1274 818 plenus
1307 776 1432 816 onyx.

349 830 531 887 Deinde⁷
562 834 637 875 ubi
670 833 918 888 subpositus
951 834 1136 875 cinerem
1168 848 1236 875 me
1267 833 1417 875 fecerit
1448 832 1593 884 ardor,

408 902 607 959 Accipiat
637 904 788 947 Manes
819 906 1001 960 paruula
1031 907 1146 947 testa
1177 919 1313 960 meos,

346 973 406 1016 Et
439 975 496 1017 sit
525 976 570 1018 in
602 976 756 1031 exiguo
787 976 933 1018 laurus
967 991 1095 1032 super
1127 977 1272 1018 addita
1302 975 1451 1030 busto,

407 1046 525 1096 Quae
556 1048 682 1102 tegat
713 1047 890 1089 extincti
921 1047 1083 1089 funeris
1115 1047 1270 1089 umbra
1300 1046 1454 1088 locum.

288 1127 332 1158 35
343 1116 402 1158 Et
434 1116 516 1159 duo
550 1118 638 1160 sint
669 1132 842 1159 uersus:
876 1117 964 1172 ‘qui
995 1133 1108 1160 nunc
1139 1118 1252 1160 iacet
1282 1117 1459 1159 horrida
1489 1117 1650 1172 puluis,

406 1187 545 1230 Unius
578 1189 647 1231 hic
679 1189 896 1244 quondam
929 1204 1077 1232 seruus
1109 1189 1284 1232 Amoris
1317 1187 1459 1231 erat?

349 1258 440 1302 Nec
472 1260 613 1302 minus
644 1259 750 1302 haec
781 1260 919 1303 nostri
950 1262 1146 1303 notescet
1175 1260 1292 1303 fama
1323 1259 1526 1315 sepulcri,

407 1331 544 1381 Quam
575 1331 746 1374 fuerant
777 1331 926 1374 Phthii
957 1332 1086 1375 busta
1117 1333 1293 1375 cruenta
1323 1331 1419 1373 uiri.

347 1401 412 1443 Tu
446 1417 615 1458 quoque
648 1403 684 1445 si
717 1401 898 1458 quando
918 1403 1066 1445 uenies
1098 1402 1151 1444 ad
1182 1403 1293 1458 fata,
1324 1404 1560 1458 memento,

287 1482 332 1515 40
406 1472 503 1516 Huc
535 1488 636 1516 cura
667 1473 720 1515 ad
752 1473 935 1528 lapides,
967 1487 1085 1528 cara,
1117 1472 1216 1515 uehi
1248 1487 1471 1515 memores,

346 1544 516 1587 Interea
547 1559 651 1587 caue
684 1545 743 1586 sis
774 1559 853 1587 nos
886 1547 1118 1599 aspernata
1150 1545 1359 1600 sepultos:

405 1614 506 1658 Non
538 1616 647 1658 nihil
680 1615 732 1658 ad
764 1630 913 1658 uerum
945 1616 1117 1658 conscia
1147 1618 1261 1657 terra
1293 1616 1417 1671 sapit.

348 1686 488 1742 Atque
522 1688 687 1730 utinam
718 1688 867 1742 primis
901 1688 1090 1730 animam
1122 1702 1189 1729 me
1221 1701 1380 1742 ponere
1411 1688 1532 1730 cunis

323 1792 427 1827 Tasr.
482 1768 535 1838 11)»,
563 1797 618 1828 35.
669 1793 905 1829 Charisius
929 1805 965 1838 p.
994 1797 1049 1837 89,
1076 1797 1120 1828 22
1142 1792 1204 1829 K:
1232 1791 1370 1838 ‘puluis
1395 1793 1592 1829 masculini
1608 1793 1755 1840 generis

228 1852 296 1896 est,
316 1853 486 1896 quamuis
499 1852 714 1898 Propertius
734 1852 885 1888 dixerit:
906 1852 970 1897 qui
984 1873 1029 1878 —
1042 1851 1195 1897 puluis'.
1216 1851 1262 1888 cf.
1284 1853 1322 1887 et
1341 1853 1469 1888 auctor
1488 1853 1533 1888 de
1547 1853 1632 1889 dub.
1657 1865 1755 1889 nom.

228 1909 400 1955 [gramm.
426 1911 492 1947 lat.
519 1913 552 1947 V
578 1915 658 1957 588,
685 1902 737 1958 ἢ

324 1995 415 2031 VAR.
443 2009 540 2030 mor.
592 1999 635 2030 23
663 1993 767 2030 Dixit
790 1999 835 2039 F,
861 2006 951 2031 corr.
979 2006 1047 2040 my.
1074 2006 1119 2030 m.
1145 1999 1171 2031 2
1200 1996 1204 2039 Ι
1235 1994 1414 2029 adorif.1)
1448 1993 1455 2040 Ι
1485 1994 1592 2041 ordo]
1619 1994 1754 2031 nardus

228 2055 320 2092 coni.
348 2055 570 2091 Fonteinius
591 2057 595 2100 Ι
617 2054 787 2090 laucibus
812 2057 839 2087 F
861 2055 866 2099 1
889 2055 930 2088 at
954 2054 1029 2088 sint
1054 2055 1146 2090 coni.
1167 2054 1345 2089 Heinsius
1362 2055 1375 2099 ΙΙ
1393 2058 1439 2088 24
1465 2053 1664 2099 obsequiae
1682 2058 1710 2088 F
1723 2058 1755 2089 X

227 2114 283 2157 (in
307 2115 372 2149 hoc
396 2127 441 2149 m.
467 2119 487 2149 1
516 2116 621 2159 corr.)
658 2115 671 2159 ss
707 2117 752 2149 25
791 2113 858 2148 Sat
882 2124 967 2149 mea
992 2113 1045 2148 sic
1069 2114 1217 2158 scripsi:
1252 2113 1319 2149 Sat
1344 2124 1428 2148 mea
1452 2113 1501 2148 sit
1526 2116 1551 2147 0
1579 2114 1645 2150 Sat
1668 2126 1754 2150 mea

229 2174 288 2208 sat
307 2183 329 2211 ς
350 2174 356 2219 Ι
380 2175 554 2219 magnast
571 2173 602 2208 si
621 2184 698 2218 eye:
725 2183 861 2218 magna
882 2172 913 2207 si
933 2176 957 2206 0
984 2184 1120 2217 magna
1140 2173 1197 2206 est
1216 2172 1247 2207 si
1268 2183 1307 2214 ςς
1333 2184 1384 2207 an
1407 2174 1596 2218 magnast,
1621 2174 1698 2209 tres
1723 2174 1754 2208 si

227 2232 301 2267 sint
320 2232 340 2266 .9
377 2233 389 2277 ΙΙ
426 2237 470 2267 27
497 2233 591 2267 Tum
617 2237 644 2266 1)
665 2235 695 2266 V
737 2233 743 2276 1
777 2231 914 2266 nudum
943 2233 1016 2275 (ἀ
1040 2243 1084 2266 m.
1111 2230 1186 2274 2?)
1210 2234 1237 2264 F
1286 2232 1298 2275 ΙΙ
1341 2233 1386 2265 28
1411 2231 1536 2266 malim
1560 2231 1624 2267 fies
1659 2232 1673 2278 ΙΙ
1708 2236 1753 2267 29

227 2291 364 2327 Oscula
388 2303 460 2336 que
485 2296 511 2326 F
536 2303 581 2328 m.
608 2295 627 2326 1
655 2295 687 2326 et
712 2291 836 2335 (quae)
862 2293 893 2323 N
916 2292 919 2332 Ι
943 2301 1142 2335 supprema
1165 2294 1213 2334 1),
1231 2292 1261 2322 V
1285 2301 1330 2323 m.
1358 2292 1377 2323 1
1413 2290 1418 2333 Ι
1448 2288 1522 2325 lab.
1549 2300 1593 2325 eae
1617 2290 1754 2326 libellis

226 2362 316 2386 corr.
343 2354 375 2384 N
399 2362 443 2385 m.
471 2354 490 2385 1
517 2351 530 2395 ΙΙ
555 2354 600 2385 30
633 2349 719 2385 sirio
744 2353 771 2383 1²
794 2351 798 2393 Ι
821 2348 907 2384 onix
934 2352 958 2382 0
985 2347 1086 2394 (ouix
1110 2352 1137 2382 F
1161 2360 1206 2384 m.
1234 2350 1270 2393 1)
1289 2349 1302 2394 ΙΙ
1319 2352 1362 2383 31
1391 2348 1456 2384 ubi
1480 2359 1546 2385 om.
1572 2353 1600 2383 P
1623 2361 1669 2385 m.
1695 2353 1716 2384 1
1745 2349 1750 2396 Ι

226 2410 331 2455 subp.
357 2413 405 2445 N:
433 2422 537 2455 supp.
566 2412 590 2443 0
610 2410 622 2454 ΙΙ
641 2413 684 2444 32
712 2410 814 2444 tecta
837 2412 864 2442 F
885 2420 927 2443 m.
950 2412 969 2442 1
990 2410 1002 2453 ΙΙ
1022 2411 1066 2442 34
1092 2407 1227 2452 tetegit
1245 2411 1276 2442 N
1301 2420 1347 2444 m.
1366 2412 1386 2442 1
1410 2409 1415 2452 Ι
1437 2409 1573 2443 conieci
1590 2407 1752 2444 funebris

225 2469 357 2503 umbra
381 2470 393 2514 ΙΙ
418 2472 462 2503 35
489 2468 639 2503 horrida
665 2471 689 2502 0
718 2468 924 2503 Charisius:
951 2467 1056 2502 arida
1084 2468 1179 2502 Itali
1208 2468 1221 2511 ΙΙ
1253 2471 1296 2502 36
1329 2467 1431 2502 Unus
1455 2469 1486 2500 R
1515 2466 1520 2511 Ι
1547 2466 1752 2513 quondam]

223 2527 312 2574 §Fu
332 2532 376 2562 37
403 2528 481 2562 Ν66
506 2532 534 2561 F
553 2528 601 2562 R:
627 2528 712 2562 Non
736 2532 764 2561 1)
785 2530 814 2560 V
845 2528 857 2572 ΙΙ
887 2530 932 2561 38
957 2527 1116 2570 fuerant]
1143 2529 1286 2570 expecto
1311 2525 1468 2568 clarent3
1495 2526 1564 2560 alii
1587 2525 1720 2562 florent
1745 2525 1750 2574 Ι

224 2587 360 2631 phthyi
390 2589 420 2619 V
455 2586 525 2621 fitii
556 2590 582 2619 F
616 2586 739 2631 (phitii
771 2597 838 2631 my.
870 2597 914 2622 m.
941 2587 981 2629 2)
1014 2585 1134 2630 pythii
1159 2588 1190 2619 R
1221 2586 1226 2630 Ι
1257 2585 1379 2630 busta]
1410 2584 1512 2619 fama
1536 2589 1563 2619 F
1587 2596 1632 2620 m.
1657 2589 1692 2629 1,
1723 2587 1754 2618 V

225 2657 294 2692 my.
308 2658 353 2682 m.
369 2651 394 2682 2
409 2646 420 2691 Η
434 2650 479 2681 40
494 2646 575 2680 Η116
589 2657 677 2681 cura
692 2646 839 2690 scripsi:
855 2645 934 2680 Hoc
947 2644 1019 2679 iter
1039 2647 1063 2677 0
1079 2643 1136 2688 (H'
1151 2661 1195 2673 =
1209 2643 1312 2679 Haec
1324 2644 1365 2688 F)
1391 2644 1471 2679 Hoc
1484 2644 1576 2678 itere
1590 2643 1753 2689 Scaliger

226 2706 307 2741 Huc
345 2705 449 2748 ferri,
489 2715 531 2739 ac
565 2704 588 2738 l.
624 2715 653 2739 c.
695 2704 817 2739 subire
850 2715 952 2739 meos
978 2703 1157 2738 Heinsius
1185 2703 1310 2739 Ociter
1335 2693 1529 2738 Jacbbsius
1563 2703 1643 2738 Hoc
1678 2702 1752 2738 ritu

237 2763 576 2808 Waardenburyius
611 2763 616 2808 Ι
651 2774 736 2798 cara
761 2763 954 2798 Heinsius:
983 2773 1076 2798 cana
1102 2765 1126 2796 0
1150 2764 1154 2807 Ι
1177 2763 1264 2798 uehi
1288 2773 1470 2798 memores
1492 2762 1640 2806 scripsi:
1666 2761 1752 2798 ueni

228 2833 410 2858 memores
437 2825 462 2855 0
488 2822 613 2857 11611116
640 2833 742 2857 meos
768 2822 931 2867 Scaliyer
957 2820 1107 2866 (redire,
1134 2821 1256 2856 subire
1281 2821 1362 2865 alii)
1390 2821 1403 2866 ΙΙ
1432 2823 1479 2855 43
1503 2819 1622 2867 cunis]
1649 2820 1751 2856 cauis

229 2898 273 2939 F,
300 2904 391 2929 corr.
417 2903 485 2938 my.
512 2904 556 2927 m.
584 2895 627 2935 2;
654 2878 752 2935 cufis
778 2897 809 2926 N
826 2894 839 2938 ΙΙ
858 2896 903 2928 44
929 2891 1098 2937 quamuis
1124 2895 1168 2936 F,
1194 2902 1285 2926 corr.
1311 2902 1379 2936 my.
1405 2902 1449 2926 m.
1476 2894 1502 2927 2
