<?xml version="1.0" encoding="UTF-8"?>
<!DOCTYPE html PUBLIC "-//W3C//DTD XHTML 1.0 Transitional//EN"
    "http://www.w3.org/TR/xhtml1/DTD/xhtml1-transitional.dtd">
<html xmlns="http://www.w3.org/1999/xhtml" xml:lang="en" lang="en">
 <head>
  <title>
</title>
<meta http-equiv="Content-Type" content="text/html;charset=utf-8" />
  <meta name='ocr-system' content='tesseract 3.04.00' />
  <meta name='ocr-capabilities' content='ocr_page ocr_carea ocr_par ocr_line ocrx_word'/>
</head>
<body>
  <div class='ocr_page' id='page_1' title='image "./elegiarumlibrir00propuoft_0047.png"; bbox 0 0 1898 3190; ppageno 0'>
   <div class='ocr_carea' id='block_1_1' title="bbox 710 171 1671 208">
    <p class='ocr_par' dir='ltr' id='par_1_1' title="bbox 710 171 1671 208">
     <span class='ocr_line' id='line_1_1' title="bbox 710 171 1671 208; baseline 0 0"><span class='ocrx_word' id='word_1_1' title='bbox 710 171 1093 208; x_wconf 76' lang='lat' dir='ltr'><strong>PROLEGOMENA.</strong></span> <span class='ocrx_word' id='word_1_2' title='bbox 1587 173 1671 208; x_wconf 83' lang='lat' dir='ltr'>XLI</span> 
     </span>
    </p>
   </div>
   <div class='ocr_carea' id='block_1_2' title="bbox 141 281 1670 693">
    <p class='ocr_par' dir='ltr' id='par_1_2' title="bbox 141 281 1670 553">
     <span class='ocr_line' id='line_1_2' title="bbox 141 281 1670 336; baseline -0.001 -10"><span class='ocrx_word' id='word_1_3' title='bbox 141 283 254 326; x_wconf 72' lang='lat' dir='ltr'>tium</span> <span class='ocrx_word' id='word_1_4' title='bbox 295 297 324 326; x_wconf 82' lang='lat' dir='ltr'>a</span> <span class='ocrx_word' id='word_1_5' title='bbox 362 282 407 324; x_wconf 89' lang='lat' dir='ltr'>H</span> <span class='ocrx_word' id='word_1_6' title='bbox 449 281 504 323; x_wconf 91' lang='lat'>10</span> <span class='ocrx_word' id='word_1_7' title='bbox 546 281 720 324; x_wconf 86' lang='lat' dir='ltr'>initium</span> <span class='ocrx_word' id='word_1_8' title='bbox 761 295 929 334; x_wconf 81' lang='lat' dir='ltr'>sumere</span> <span class='ocrx_word' id='word_1_9' title='bbox 970 281 1128 336; x_wconf 89' lang='lat' dir='ltr'>uoluit,</span> <span class='ocrx_word' id='word_1_10' title='bbox 1170 296 1269 324; x_wconf 90' lang='lat' dir='ltr'>cum</span> <span class='ocrx_word' id='word_1_11' title='bbox 1311 284 1463 324; x_wconf 87' lang='lat' dir='ltr'>contra</span> <span class='ocrx_word' id='word_1_12' title='bbox 1505 282 1670 336; x_wconf 83' lang='lat' dir='ltr'>priores</span> 
     </span>
     <span class='ocr_line' id='line_1_3' title="bbox 143 351 1669 411; baseline -0.001 -14"><span class='ocrx_word' id='word_1_13' title='bbox 143 352 224 411; x_wconf 69' lang='lat' dir='ltr'>(uf</span> <span class='ocrx_word' id='word_1_14' title='bbox 259 352 560 396; x_wconf 81' lang='lat' dir='ltr'>Broukhusius</span> <span class='ocrx_word' id='word_1_15' title='bbox 603 354 648 395; x_wconf 88' lang='lat' dir='ltr'>et</span> <span class='ocrx_word' id='word_1_16' title='bbox 687 351 990 407; x_wconf 86' lang='lat' dir='ltr'>Burmannus)</span> <span class='ocrx_word' id='word_1_17' title='bbox 1033 353 1216 409; x_wconf 82' lang='lat' dir='ltr'>elegiam</span> <span class='ocrx_word' id='word_1_18' title='bbox 1258 352 1303 395; x_wconf 89' lang='lat' dir='ltr'>H</span> <span class='ocrx_word' id='word_1_19' title='bbox 1349 354 1403 395; x_wconf 87' lang='lat'>13</span> <span class='ocrx_word' id='word_1_20' title='bbox 1447 368 1499 395; x_wconf 86' lang='lat' dir='ltr'>ex</span> <span class='ocrx_word' id='word_1_21' title='bbox 1540 354 1669 395; x_wconf 89' lang='lat' dir='ltr'>tertio</span> 
     </span>
     <span class='ocr_line' id='line_1_4' title="bbox 142 423 1670 480; baseline -0.001 -12"><span class='ocrx_word' id='word_1_22' title='bbox 142 425 361 468; x_wconf 87' lang='lat' dir='ltr'>uolumine</span> <span class='ocrx_word' id='word_1_23' title='bbox 402 439 506 468; x_wconf 79' lang='lat' dir='ltr'>casu</span> <span class='ocrx_word' id='word_1_24' title='bbox 548 423 735 480; x_wconf 80' lang='lat' dir='ltr'>quodam</span> <span class='ocrx_word' id='word_1_25' title='bbox 777 424 824 466; x_wconf 93' lang='lat' dir='ltr'>in</span> <span class='ocrx_word' id='word_1_26' title='bbox 873 423 1107 467; x_wconf 87' lang='lat' dir='ltr'>secundum</span> <span class='ocrx_word' id='word_1_27' title='bbox 1149 424 1339 467; x_wconf 78' lang='lat' dir='ltr'>delatam</span> <span class='ocrx_word' id='word_1_28' title='bbox 1383 438 1479 467; x_wconf 87' lang='lat' dir='ltr'>esse</span> <span class='ocrx_word' id='word_1_29' title='bbox 1522 425 1670 479; x_wconf 89' lang='lat' dir='ltr'>opina-</span> 
     </span>
     <span class='ocr_line' id='line_1_5' title="bbox 142 493 354 553; baseline -0.009 -13"><span class='ocrx_word' id='word_1_30' title='bbox 142 493 354 553; x_wconf 62' lang='lat' dir='ltr'>rentur‘).</span> 
     </span>
    </p>

    <p class='ocr_par' dir='ltr' id='par_1_3' title="bbox 143 565 1668 693">
     <span class='ocr_line' id='line_1_6' title="bbox 259 565 1668 623; baseline 0 -13"><span class='ocrx_word' id='word_1_31' title='bbox 259 565 529 610; x_wconf 66' lang='lat' dir='ltr'>Iachmanni</span> <span class='ocrx_word' id='word_1_32' title='bbox 563 566 724 610; x_wconf 88' lang='lat' dir='ltr'>rationi</span> <span class='ocrx_word' id='word_1_33' title='bbox 758 567 863 610; x_wconf 89' lang='lat' dir='ltr'>licet</span> <span class='ocrx_word' id='word_1_34' title='bbox 897 581 975 622; x_wconf 89' lang='lat' dir='ltr'>per</span> <span class='ocrx_word' id='word_1_35' title='bbox 1011 581 1058 609; x_wconf 90' lang='lat' dir='ltr'>se</span> <span class='ocrx_word' id='word_1_36' title='bbox 1096 581 1148 608; x_wconf 82' lang='lat' dir='ltr'>ex</span> <span class='ocrx_word' id='word_1_37' title='bbox 1183 569 1387 610; x_wconf 85' lang='lat' dir='ltr'>truncato</span> <span class='ocrx_word' id='word_1_38' title='bbox 1430 567 1668 623; x_wconf 83' lang='lat' dir='ltr'>elegiarum</span> 
     </span>
     <span class='ocr_line' id='line_1_7' title="bbox 143 637 1668 693; baseline -0.001 -11"><span class='ocrx_word' id='word_1_39' title='bbox 143 638 189 682; x_wconf 90' lang='lat' dir='ltr'>H</span> <span class='ocrx_word' id='word_1_40' title='bbox 219 639 302 682; x_wconf 87' lang='grc'>6-</span> <span class='ocrx_word' id='word_1_41' title='bbox 311 639 366 681; x_wconf 86' lang='grc'>13</span> <span class='ocrx_word' id='word_1_42' title='bbox 396 639 516 680; x_wconf 79' lang='lat' dir='ltr'>statu</span> <span class='ocrx_word' id='word_1_43' title='bbox 546 652 635 681; x_wconf 90' lang='lat' dir='ltr'>non</span> <span class='ocrx_word' id='word_1_44' title='bbox 670 638 735 680; x_wconf 86' lang='lat' dir='ltr'>ita</span> <span class='ocrx_word' id='word_1_45' title='bbox 765 638 940 681; x_wconf 88' lang='lat' dir='ltr'>difficile</span> <span class='ocrx_word' id='word_1_46' title='bbox 971 637 1252 693; x_wconf 82' lang='lat' dir='ltr'>explicandae</span> <span class='ocrx_word' id='word_1_47' title='bbox 1283 638 1391 681; x_wconf 87' lang='lat' dir='ltr'>duae</span> <span class='ocrx_word' id='word_1_48' title='bbox 1421 640 1568 680; x_wconf 85' lang='lat' dir='ltr'>tamen</span> <span class='ocrx_word' id='word_1_49' title='bbox 1598 653 1668 681; x_wconf 87' lang='lat' dir='ltr'>res</span> 
     </span>
    </p>
   </div>
   <div class='ocr_carea' id='block_1_3' title="bbox 27 700 1669 776">
    <p class='ocr_par' dir='ltr' id='par_1_4' title="bbox 27 700 1669 776">
     <span class='ocr_line' id='line_1_8' title="bbox 27 700 1669 776; baseline 0 -24"><span class='ocrx_word' id='word_1_50' title='bbox 27 700 30 701; x_wconf 36' lang='lat'><em>⁷</em></span> <span class='ocrx_word' id='word_1_51' title='bbox 95 731 100 734; x_wconf 95' lang='lat'>·</span> <span class='ocrx_word' id='word_1_52' title='bbox 143 709 428 767; x_wconf 73' lang='lat' dir='ltr'>grauissimae</span> <span class='ocrx_word' id='word_1_53' title='bbox 464 710 654 752; x_wconf 89' lang='lat' dir='ltr'>obstant.</span> <span class='ocrx_word' id='word_1_54' title='bbox 715 724 766 752; x_wconf 85' lang='lat' dir='ltr'>ac</span> <span class='ocrx_word' id='word_1_55' title='bbox 780 769 788 776; x_wconf 90' lang='lat'>.</span> <span class='ocrx_word' id='word_1_56' title='bbox 801 709 991 764; x_wconf 90' lang='lat' dir='ltr'>primum</span> <span class='ocrx_word' id='word_1_57' title='bbox 1027 709 1201 764; x_wconf 88' lang='lat' dir='ltr'>quidem</span> <span class='ocrx_word' id='word_1_58' title='bbox 1240 710 1404 765; x_wconf 87' lang='lat' dir='ltr'>optime</span> <span class='ocrx_word' id='word_1_59' title='bbox 1435 709 1669 752; x_wconf 88' lang='lat' dir='ltr'>adnotante</span> 
     </span>
    </p>
   </div>
   <div class='ocr_carea' id='block_1_4' title="bbox 0 0 46 1580">
    <p class='ocr_par' dir='ltr' id='par_1_5' title="bbox 0 0 46 1580">
     <span class='ocr_line' id='line_1_9' title="bbox 0 0 46 1580; baseline 0 0"><span class='ocrx_word' id='word_1_60' title='bbox 0 0 46 1580; x_wconf 95' lang='lat' dir='ltr'> </span> 
     </span>
    </p>
   </div>
   <div class='ocr_carea' id='block_1_5' title="bbox 141 779 1671 1892">
    <p class='ocr_par' dir='ltr' id='par_1_6' title="bbox 141 779 1671 1892">
     <span class='ocr_line' id='line_1_10' title="bbox 141 779 1666 836; baseline 0 -12"><span class='ocrx_word' id='word_1_61' title='bbox 141 780 436 824; x_wconf 82' lang='lat' dir='ltr'>Heimreicln‘o</span> <span class='ocrx_word' id='word_1_62' title='bbox 468 782 670 836; x_wconf 84' lang='lat' dir='ltr'>[quaestt.</span> <span class='ocrx_word' id='word_1_63' title='bbox 698 780 827 835; x_wconf 91' lang='lat' dir='ltr'>Prop.</span> <span class='ocrx_word' id='word_1_64' title='bbox 856 795 898 836; x_wconf 87' lang='lat' dir='ltr'>p.</span> <span class='ocrx_word' id='word_1_65' title='bbox 923 781 1000 834; x_wconf 84' lang='lat'>32]</span> <span class='ocrx_word' id='word_1_66' title='bbox 1032 779 1203 823; x_wconf 88' lang='lat' dir='ltr'>Nonius</span> <span class='ocrx_word' id='word_1_67' title='bbox 1226 796 1268 836; x_wconf 87' lang='lat' dir='ltr'>p.</span> <span class='ocrx_word' id='word_1_68' title='bbox 1296 781 1380 824; x_wconf 91' lang='grc'>169</span> <span class='ocrx_word' id='word_1_69' title='bbox 1407 796 1439 823; x_wconf 86' lang='lat' dir='ltr'>s.</span> <span class='ocrx_word' id='word_1_70' title='bbox 1465 797 1505 824; x_wconf 90' lang='lat' dir='ltr'>u.</span> <span class='ocrx_word' id='word_1_71' title='bbox 1528 795 1666 824; x_wconf 80' lang='lat' dir='ltr'>secun-</span> 
     </span>
     <span class='ocr_line' id='line_1_11' title="bbox 142 851 1669 907; baseline 0 -12"><span class='ocrx_word' id='word_1_72' title='bbox 142 853 245 895; x_wconf 75' lang='lat' dir='ltr'>dare</span> <span class='ocrx_word' id='word_1_73' title='bbox 278 866 453 894; x_wconf 87' lang='lat' dir='ltr'>uersum</span> <span class='ocrx_word' id='word_1_74' title='bbox 488 851 840 907; x_wconf 76' lang='lat' dir='ltr'>Propertianum,</span> <span class='ocrx_word' id='word_1_75' title='bbox 876 852 950 907; x_wconf 91' lang='lat' dir='ltr'>qui</span> <span class='ocrx_word' id='word_1_76' title='bbox 986 852 1219 894; x_wconf 90' lang='lat' dir='ltr'>secundum</span> <span class='ocrx_word' id='word_1_77' title='bbox 1250 851 1520 895; x_wconf 87' lang='lat' dir='ltr'>Lachmanni</span> <span class='ocrx_word' id='word_1_78' title='bbox 1556 867 1669 896; x_wconf 85' lang='lat' dir='ltr'>com-</span> 
     </span>
     <span class='ocr_line' id='line_1_12' title="bbox 142 923 1671 980; baseline 0 -14"><span class='ocrx_word' id='word_1_79' title='bbox 142 923 412 980; x_wconf 78' lang='lat' dir='ltr'>putationem</span> <span class='ocrx_word' id='word_1_80' title='bbox 440 923 488 965; x_wconf 89' lang='lat' dir='ltr'>in</span> <span class='ocrx_word' id='word_1_81' title='bbox 517 923 629 965; x_wconf 89' lang='lat' dir='ltr'>libro</span> <span class='ocrx_word' id='word_1_82' title='bbox 659 925 779 965; x_wconf 85' lang='lat' dir='ltr'>extat</span> <span class='ocrx_word' id='word_1_83' title='bbox 809 926 979 978; x_wconf 87' lang='lat' dir='ltr'>quarto,</span> <span class='ocrx_word' id='word_1_84' title='bbox 1008 923 1138 965; x_wconf 87' lang='lat' dir='ltr'>tertio</span> <span class='ocrx_word' id='word_1_85' title='bbox 1169 923 1315 978; x_wconf 88' lang='lat' dir='ltr'>potius</span> <span class='ocrx_word' id='word_1_86' title='bbox 1347 923 1543 979; x_wconf 24' lang='lat' dir='ltr'>uin-dicat</span> <span class='ocrx_word' id='word_1_87' title='bbox 1573 939 1671 966; x_wconf 89' lang='lat' dir='ltr'>con·</span> 
     </span>
     <span class='ocr_line' id='line_1_13' title="bbox 144 993 1670 1050; baseline -0.001 -12"><span class='ocrx_word' id='word_1_88' title='bbox 144 995 372 1050; x_wconf 76' lang='lat' dir='ltr'>firmatque</span> <span class='ocrx_word' id='word_1_89' title='bbox 401 994 596 1037; x_wconf 82' lang='lat' dir='ltr'>codicum</span> <span class='ocrx_word' id='word_1_90' title='bbox 626 997 873 1037; x_wconf 88' lang='lat' dir='ltr'>nostrorum</span> <span class='ocrx_word' id='word_1_91' title='bbox 904 993 1112 1038; x_wconf 84' lang='lat' dir='ltr'>ordinem.</span> <span class='ocrx_word' id='word_1_92' title='bbox 1171 1009 1273 1036; x_wconf 83' lang='lat' dir='ltr'>nam</span> <span class='ocrx_word' id='word_1_93' title='bbox 1303 994 1374 1037; x_wconf 86' lang='lat' dir='ltr'>hic</span> <span class='ocrx_word' id='word_1_94' title='bbox 1405 1009 1592 1037; x_wconf 91' lang='lat' dir='ltr'>errorem</span> <span class='ocrx_word' id='word_1_95' title='bbox 1623 995 1670 1037; x_wconf 93' lang='lat' dir='ltr'>in</span> 
     </span>
     <span class='ocr_line' id='line_1_14' title="bbox 143 1063 1671 1120; baseline -0.001 -11"><span class='ocrx_word' id='word_1_96' title='bbox 143 1065 278 1118; x_wconf 79' lang='lat' dir='ltr'>Nonii</span> <span class='ocrx_word' id='word_1_97' title='bbox 312 1065 530 1109; x_wconf 80' lang='lat' dir='ltr'>codicibus</span> <span class='ocrx_word' id='word_1_98' title='bbox 567 1065 847 1108; x_wconf 91' lang='lat' dir='ltr'>commissum</span> <span class='ocrx_word' id='word_1_99' title='bbox 885 1063 1073 1120; x_wconf 88' lang='lat' dir='ltr'>(scilicet</span> <span class='ocrx_word' id='word_1_100' title='bbox 1108 1064 1175 1107; x_wconf 89' lang='grc' dir='ltr'>ΠΙ</span> <span class='ocrx_word' id='word_1_101' title='bbox 1211 1080 1290 1120; x_wconf 91' lang='lat' dir='ltr'>pro</span> <span class='ocrx_word' id='word_1_102' title='bbox 1329 1065 1419 1107; x_wconf 86' lang='lat'>1111</span> <span class='ocrx_word' id='word_1_103' title='bbox 1456 1066 1587 1108; x_wconf 87' lang='lat' dir='ltr'>solito</span> <span class='ocrx_word' id='word_1_104' title='bbox 1625 1067 1671 1108; x_wconf 89' lang='lat' dir='ltr'>in</span> 
     </span>
     <span class='ocr_line' id='line_1_15' title="bbox 143 1135 1670 1192; baseline 0.001 -13"><span class='ocrx_word' id='word_1_105' title='bbox 143 1137 334 1180; x_wconf 88' lang='lat' dir='ltr'>numeris</span> <span class='ocrx_word' id='word_1_106' title='bbox 376 1136 484 1179; x_wconf 85' lang='lat' dir='ltr'>uitio</span> <span class='ocrx_word' id='word_1_107' title='bbox 527 1137 734 1192; x_wconf 86' lang='lat' dir='ltr'>scriptum</span> <span class='ocrx_word' id='word_1_108' title='bbox 777 1135 891 1191; x_wconf 89' lang='lat' dir='ltr'>esse)</span> <span class='ocrx_word' id='word_1_109' title='bbox 937 1136 1051 1179; x_wconf 91' lang='lat' dir='ltr'>uelle</span> <span class='ocrx_word' id='word_1_110' title='bbox 1094 1139 1305 1191; x_wconf 86' lang='lat' dir='ltr'>statuere,</span> <span class='ocrx_word' id='word_1_111' title='bbox 1347 1137 1455 1179; x_wconf 86' lang='lat' dir='ltr'>mihi</span> <span class='ocrx_word' id='word_1_112' title='bbox 1498 1137 1670 1192; x_wconf 90' lang='lat' dir='ltr'>quidem</span> 
     </span>
     <span class='ocr_line' id='line_1_16' title="bbox 145 1207 1670 1263; baseline 0 -13"><span class='ocrx_word' id='word_1_113' title='bbox 145 1207 264 1251; x_wconf 86' lang='lat' dir='ltr'>omni</span> <span class='ocrx_word' id='word_1_114' title='bbox 292 1207 486 1250; x_wconf 84' lang='lat' dir='ltr'>inludere</span> <span class='ocrx_word' id='word_1_115' title='bbox 517 1208 600 1250; x_wconf 86' lang='lat' dir='ltr'>arti</span> <span class='ocrx_word' id='word_1_116' title='bbox 630 1208 815 1250; x_wconf 88' lang='lat' dir='ltr'>uidetur.</span> <span class='ocrx_word' id='word_1_117' title='bbox 862 1208 1009 1263; x_wconf 85' lang='lat' dir='ltr'>itaque</span> <span class='ocrx_word' id='word_1_118' title='bbox 1038 1223 1094 1250; x_wconf 91' lang='lat' dir='ltr'>ne</span> <span class='ocrx_word' id='word_1_119' title='bbox 1120 1208 1411 1250; x_wconf 89' lang='lat' dir='ltr'>coniecturam</span> <span class='ocrx_word' id='word_1_120' title='bbox 1442 1208 1670 1250; x_wconf 86' lang='lat' dir='ltr'>fulciamus</span> 
     </span>
     <span class='ocr_line' id='line_1_17' title="bbox 143 1278 1670 1336; baseline -0.001 -14"><span class='ocrx_word' id='word_1_121' title='bbox 143 1279 402 1334; x_wconf 82' lang='lat' dir='ltr'>coniectura,</span> <span class='ocrx_word' id='word_1_122' title='bbox 425 1279 500 1322; x_wconf 83' lang='lat' dir='ltr'>sed</span> <span class='ocrx_word' id='word_1_123' title='bbox 517 1278 561 1322; x_wconf 87' lang='lat' dir='ltr'>N</span> <span class='ocrx_word' id='word_1_124' title='bbox 562 1279 653 1321; x_wconf 91' lang='lat' dir='ltr'>onii</span> <span class='ocrx_word' id='word_1_125' title='bbox 677 1279 930 1322; x_wconf 86' lang='lat' dir='ltr'>testimonio</span> <span class='ocrx_word' id='word_1_126' title='bbox 956 1278 1020 1336; x_wconf 90' lang='lat' dir='ltr'>(et</span> <span class='ocrx_word' id='word_1_127' title='bbox 1044 1279 1166 1335; x_wconf 90' lang='lat' dir='ltr'>sequi</span> <span class='ocrx_word' id='word_1_128' title='bbox 1191 1279 1523 1335; x_wconf 86' lang='lat' dir='ltr'>grammaticum</span> <span class='ocrx_word' id='word_1_129' title='bbox 1547 1280 1670 1322; x_wconf 90' lang='lat' dir='ltr'>illum</span> 
     </span>
     <span class='ocr_line' id='line_1_18' title="bbox 143 1349 1670 1407; baseline 0 -14"><span class='ocrx_word' id='word_1_130' title='bbox 143 1351 312 1393; x_wconf 85' lang='lat' dir='ltr'>ueteres</span> <span class='ocrx_word' id='word_1_131' title='bbox 341 1364 502 1406; x_wconf 87' lang='lat' dir='ltr'>eosque</span> <span class='ocrx_word' id='word_1_132' title='bbox 532 1350 731 1407; x_wconf 81' lang='lat' dir='ltr'>egregios</span> <span class='ocrx_word' id='word_1_133' title='bbox 760 1350 904 1393; x_wconf 87' lang='lat' dir='ltr'>fontes</span> <span class='ocrx_word' id='word_1_134' title='bbox 936 1349 1125 1407; x_wconf 88' lang='lat' dir='ltr'>constat)</span> <span class='ocrx_word' id='word_1_135' title='bbox 1158 1351 1411 1406; x_wconf 87' lang='lat' dir='ltr'>simpliciter</span> <span class='ocrx_word' id='word_1_136' title='bbox 1435 1364 1670 1406; x_wconf 85' lang='lat' dir='ltr'>agnoscen-</span> 
     </span>
     <span class='ocr_line' id='line_1_19' title="bbox 143 1421 1670 1477; baseline 0 -14"><span class='ocrx_word' id='word_1_137' title='bbox 143 1421 247 1464; x_wconf 86' lang='lat' dir='ltr'>dum</span> <span class='ocrx_word' id='word_1_138' title='bbox 287 1423 356 1463; x_wconf 83' lang='lat' dir='ltr'>est</span> <span class='ocrx_word' id='word_1_139' title='bbox 395 1421 536 1464; x_wconf 79' lang='lat' dir='ltr'>refelli</span> <span class='ocrx_word' id='word_1_140' title='bbox 572 1421 841 1464; x_wconf 88' lang='lat' dir='ltr'>Lachmanni</span> <span class='ocrx_word' id='word_1_141' title='bbox 878 1421 1146 1464; x_wconf 88' lang='lat' dir='ltr'>diuisionem.</span> <span class='ocrx_word' id='word_1_142' title='bbox 1202 1421 1355 1464; x_wconf 89' lang='lat' dir='ltr'>deinde</span> <span class='ocrx_word' id='word_1_143' title='bbox 1391 1436 1514 1477; x_wconf 88' lang='lat' dir='ltr'>uero,</span> <span class='ocrx_word' id='word_1_144' title='bbox 1556 1422 1670 1477; x_wconf 91' lang='lat' dir='ltr'>quod</span> 
     </span>
     <span class='ocr_line' id='line_1_20' title="bbox 142 1492 1667 1548; baseline 0.001 -14"><span class='ocrx_word' id='word_1_145' title='bbox 142 1492 283 1535; x_wconf 88' lang='lat' dir='ltr'>multo</span> <span class='ocrx_word' id='word_1_146' title='bbox 302 1492 481 1535; x_wconf 80' lang='lat' dir='ltr'>maioris</span> <span class='ocrx_word' id='word_1_147' title='bbox 500 1494 568 1535; x_wconf 87' lang='lat' dir='ltr'>est</span> <span class='ocrx_word' id='word_1_148' title='bbox 585 1493 806 1548; x_wconf 89' lang='lat' dir='ltr'>momenti,</span> <span class='ocrx_word' id='word_1_149' title='bbox 828 1493 914 1535; x_wconf 89' lang='lat' dir='ltr'>ista</span> <span class='ocrx_word' id='word_1_150' title='bbox 933 1493 1100 1535; x_wconf 85' lang='lat' dir='ltr'>ratione</span> <span class='ocrx_word' id='word_1_151' title='bbox 1119 1493 1307 1548; x_wconf 86' lang='lat' dir='ltr'>probata</span> <span class='ocrx_word' id='word_1_152' title='bbox 1331 1493 1506 1535; x_wconf 86' lang='lat' dir='ltr'>minime</span> <span class='ocrx_word' id='word_1_153' title='bbox 1530 1507 1667 1536; x_wconf 90' lang='lat' dir='ltr'>remo-</span> 
     </span>
     <span class='ocr_line' id='line_1_21' title="bbox 143 1563 1668 1619; baseline 0 -13"><span class='ocrx_word' id='word_1_154' title='bbox 143 1565 301 1606; x_wconf 83' lang='lat' dir='ltr'>uentur</span> <span class='ocrx_word' id='word_1_155' title='bbox 329 1563 607 1606; x_wconf 78' lang='lat' dir='ltr'>difficultates</span> <span class='ocrx_word' id='word_1_156' title='bbox 639 1578 831 1606; x_wconf 87' lang='lat' dir='ltr'>summae</span> <span class='ocrx_word' id='word_1_157' title='bbox 862 1564 907 1606; x_wconf 90' lang='lat' dir='ltr'>in</span> <span class='ocrx_word' id='word_1_158' title='bbox 939 1564 1202 1606; x_wconf 87' lang='lat' dir='ltr'>carminibus</span> <span class='ocrx_word' id='word_1_159' title='bbox 1232 1564 1276 1606; x_wconf 87' lang='lat' dir='ltr'>id</span> <span class='ocrx_word' id='word_1_160' title='bbox 1306 1564 1421 1619; x_wconf 86' lang='lat' dir='ltr'>quod</span> <span class='ocrx_word' id='word_1_161' title='bbox 1446 1566 1513 1606; x_wconf 90' lang='lat' dir='ltr'>est</span> <span class='ocrx_word' id='word_1_162' title='bbox 1542 1563 1586 1606; x_wconf 90' lang='lat' dir='ltr'>H</span> <span class='ocrx_word' id='word_1_163' title='bbox 1616 1565 1668 1606; x_wconf 87' lang='lat'>13</span> 
     </span>
     <span class='ocr_line' id='line_1_22' title="bbox 142 1634 1668 1690; baseline 0 -13"><span class='ocrx_word' id='word_1_164' title='bbox 142 1634 499 1690; x_wconf 84' lang='lat' dir='ltr'>praecedentibus</span> <span class='ocrx_word' id='word_1_165' title='bbox 537 1635 704 1677; x_wconf 89' lang='lat' dir='ltr'>obuiae.</span> <span class='ocrx_word' id='word_1_166' title='bbox 763 1635 968 1678; x_wconf 82' lang='lat' dir='ltr'>nimirum</span> <span class='ocrx_word' id='word_1_167' title='bbox 1004 1635 1309 1677; x_wconf 87' lang='lat' dir='ltr'>Lachmannus</span> <span class='ocrx_word' id='word_1_168' title='bbox 1345 1638 1390 1677; x_wconf 91' lang='lat' dir='ltr'>et</span> <span class='ocrx_word' id='word_1_169' title='bbox 1427 1635 1668 1677; x_wconf 84' lang='lat' dir='ltr'>anteriores</span> 
     </span>
     <span class='ocr_line' id='line_1_23' title="bbox 142 1704 1668 1763; baseline 0 -15"><span class='ocrx_word' id='word_1_170' title='bbox 142 1705 221 1748; x_wconf 84' lang='lat' dir='ltr'>uni</span> <span class='ocrx_word' id='word_1_171' title='bbox 255 1705 322 1748; x_wconf 85' lang='lat' dir='ltr'>illi</span> <span class='ocrx_word' id='word_1_172' title='bbox 357 1706 472 1748; x_wconf 86' lang='lat' dir='ltr'>nodo</span> <span class='ocrx_word' id='word_1_173' title='bbox 510 1720 616 1748; x_wconf 82' lang='lat' dir='ltr'>sane</span> <span class='ocrx_word' id='word_1_174' title='bbox 652 1706 708 1748; x_wconf 93' lang='lat' dir='ltr'>ob</span> <span class='ocrx_word' id='word_1_175' title='bbox 745 1706 891 1748; x_wconf 90' lang='lat' dir='ltr'>oculos</span> <span class='ocrx_word' id='word_1_176' title='bbox 937 1706 1081 1761; x_wconf 90' lang='lat' dir='ltr'>posito</span> <span class='ocrx_word' id='word_1_177' title='bbox 1120 1704 1183 1763; x_wconf 87' lang='grc' dir='ltr'>(ΙΙ</span> <span class='ocrx_word' id='word_1_178' title='bbox 1223 1705 1296 1762; x_wconf 84' lang='grc'>13)</span> <span class='ocrx_word' id='word_1_179' title='bbox 1335 1706 1541 1749; x_wconf 88' lang='lat' dir='ltr'>soluendo</span> <span class='ocrx_word' id='word_1_180' title='bbox 1580 1708 1668 1748; x_wconf 88' lang='lat' dir='ltr'>stu-</span> 
     </span>
     <span class='ocr_line' id='line_1_24' title="bbox 143 1776 1667 1834; baseline 0.003 -14"><span class='ocrx_word' id='word_1_181' title='bbox 143 1776 285 1832; x_wconf 87' lang='lat' dir='ltr'>duere,</span> <span class='ocrx_word' id='word_1_182' title='bbox 313 1778 457 1820; x_wconf 86' lang='lat' dir='ltr'>cetera</span> <span class='ocrx_word' id='word_1_183' title='bbox 486 1777 733 1833; x_wconf 83' lang='lat' dir='ltr'>aenigmata</span> <span class='ocrx_word' id='word_1_184' title='bbox 764 1779 839 1820; x_wconf 91' lang='lat' dir='ltr'>aut</span> <span class='ocrx_word' id='word_1_185' title='bbox 868 1791 958 1820; x_wconf 89' lang='lat' dir='ltr'>non</span> <span class='ocrx_word' id='word_1_186' title='bbox 987 1780 1215 1834; x_wconf 85' lang='lat' dir='ltr'>perspecta</span> <span class='ocrx_word' id='word_1_187' title='bbox 1244 1777 1453 1824; x_wconf 84' lang='lat' dir='ltr'>habentes</span> <span class='ocrx_word' id='word_1_188' title='bbox 1480 1785 1557 1825; x_wconf 89' lang='lat' dir='ltr'>aut</span> <span class='ocrx_word' id='word_1_189' title='bbox 1580 1797 1667 1825; x_wconf 91' lang='lat' dir='ltr'>non</span> 
     </span>
     <span class='ocr_line' id='line_1_25' title="bbox 143 1850 354 1892; baseline -0.009 0"><span class='ocrx_word' id='word_1_190' title='bbox 143 1850 354 1892; x_wconf 79' lang='lat' dir='ltr'>curantes.</span> 
     </span>
    </p>
   </div>
   <div class='ocr_carea' id='block_1_6' title="bbox 142 1923 1669 2630">
    <p class='ocr_par' dir='ltr' id='par_1_7' title="bbox 142 1923 1669 2336">
     <span class='ocr_line' id='line_1_26' title="bbox 259 1923 1669 1985; baseline 0.005 -18"><span class='ocrx_word' id='word_1_191' title='bbox 259 1923 426 1968; x_wconf 84' lang='lat' dir='ltr'>Nostra</span> <span class='ocrx_word' id='word_1_192' title='bbox 466 1927 516 1967; x_wconf 94' lang='lat' dir='ltr'>ut</span> <span class='ocrx_word' id='word_1_193' title='bbox 558 1925 643 1968; x_wconf 85' lang='lat' dir='ltr'>fert</span> <span class='ocrx_word' id='word_1_194' title='bbox 686 1926 920 1981; x_wconf 84' lang='lat' dir='ltr'>sententia,</span> <span class='ocrx_word' id='word_1_195' title='bbox 961 1941 1049 1969; x_wconf 91' lang='lat' dir='ltr'>non</span> <span class='ocrx_word' id='word_1_196' title='bbox 1091 1942 1179 1970; x_wconf 87' lang='lat' dir='ltr'>una</span> <span class='ocrx_word' id='word_1_197' title='bbox 1222 1929 1361 1985; x_wconf 88' lang='lat' dir='ltr'>elegia</span> <span class='ocrx_word' id='word_1_198' title='bbox 1399 1930 1444 1973; x_wconf 94' lang='lat' dir='ltr'>H</span> <span class='ocrx_word' id='word_1_199' title='bbox 1485 1931 1538 1973; x_wconf 89' lang='lat'>13</span> <span class='ocrx_word' id='word_1_200' title='bbox 1571 1931 1669 1973; x_wconf 87' lang='lat' dir='ltr'>sede</span> 
     </span>
     <span class='ocr_line' id='line_1_27' title="bbox 144 1995 1667 2058; baseline 0.003 -18"><span class='ocrx_word' id='word_1_201' title='bbox 144 2011 224 2040; x_wconf 81' lang='lat' dir='ltr'>sua</span> <span class='ocrx_word' id='word_1_202' title='bbox 252 1996 442 2052; x_wconf 83' lang='lat' dir='ltr'>genuina</span> <span class='ocrx_word' id='word_1_203' title='bbox 471 1995 649 2052; x_wconf 86' lang='lat' dir='ltr'>depulsa</span> <span class='ocrx_word' id='word_1_204' title='bbox 681 1998 766 2051; x_wconf 88' lang='lat' dir='ltr'>est,</span> <span class='ocrx_word' id='word_1_205' title='bbox 803 1997 877 2039; x_wconf 87' lang='lat' dir='ltr'>sed</span> <span class='ocrx_word' id='word_1_206' title='bbox 914 1999 1010 2039; x_wconf 88' lang='lat' dir='ltr'>tota</span> <span class='ocrx_word' id='word_1_207' title='bbox 1035 1998 1179 2053; x_wconf 90' lang='lat' dir='ltr'>aliqua</span> <span class='ocrx_word' id='word_1_208' title='bbox 1217 1999 1422 2043; x_wconf 87' lang='lat' dir='ltr'>foliorum</span> <span class='ocrx_word' id='word_1_209' title='bbox 1458 2016 1667 2058; x_wconf 84' lang='lat' dir='ltr'>compage</span> 
     </span>
     <span class='ocr_line' id='line_1_28' title="bbox 142 2066 1667 2129; baseline 0.004 -19"><span class='ocrx_word' id='word_1_210' title='bbox 142 2067 191 2110; x_wconf 92' lang='lat' dir='ltr'>in</span> <span class='ocrx_word' id='word_1_211' title='bbox 241 2067 543 2122; x_wconf 82' lang='lat' dir='ltr'>antiquissimo</span> <span class='ocrx_word' id='word_1_212' title='bbox 592 2066 736 2109; x_wconf 89' lang='lat' dir='ltr'>codice</span> <span class='ocrx_word' id='word_1_213' title='bbox 786 2082 918 2122; x_wconf 90' lang='lat' dir='ltr'>supra</span> <span class='ocrx_word' id='word_1_214' title='bbox 974 2068 1230 2113; x_wconf 88' lang='lat' dir='ltr'>adumbrato</span> <span class='ocrx_word' id='word_1_215' title='bbox 1274 2071 1421 2114; x_wconf 85' lang='lat' dir='ltr'>laxata</span> <span class='ocrx_word' id='word_1_216' title='bbox 1472 2072 1667 2129; x_wconf 88' lang='lat' dir='ltr'>falseque</span> 
     </span>
     <span class='ocr_line' id='line_1_29' title="bbox 142 2138 1667 2199; baseline 0.004 -18"><span class='ocrx_word' id='word_1_217' title='bbox 142 2138 309 2181; x_wconf 74' lang='lat' dir='ltr'>inserta</span> <span class='ocrx_word' id='word_1_218' title='bbox 343 2138 490 2180; x_wconf 87' lang='lat' dir='ltr'>omnia</span> <span class='ocrx_word' id='word_1_219' title='bbox 524 2138 619 2188; x_wconf 89' lang='lat' dir='ltr'>illa,</span> <span class='ocrx_word' id='word_1_220' title='bbox 655 2153 765 2193; x_wconf 86' lang='lat' dir='ltr'>quae</span> <span class='ocrx_word' id='word_1_221' title='bbox 806 2153 921 2180; x_wconf 90' lang='lat' dir='ltr'>nunc</span> <span class='ocrx_word' id='word_1_222' title='bbox 957 2139 1045 2181; x_wconf 86' lang='lat' dir='ltr'>fere</span> <span class='ocrx_word' id='word_1_223' title='bbox 1082 2155 1109 2182; x_wconf 90' lang='lat' dir='ltr'>a</span> <span class='ocrx_word' id='word_1_224' title='bbox 1137 2140 1183 2182; x_wconf 94' lang='lat' dir='ltr'>H</span> <span class='ocrx_word' id='word_1_225' title='bbox 1215 2142 1239 2184; x_wconf 84' lang='lat'><strong>7</strong></span> <span class='ocrx_word' id='word_1_226' title='bbox 1278 2157 1411 2199; x_wconf 88' lang='lat' dir='ltr'>usque</span> <span class='ocrx_word' id='word_1_227' title='bbox 1449 2144 1503 2186; x_wconf 91' lang='lat' dir='ltr'>ad</span> <span class='ocrx_word' id='word_1_228' title='bbox 1534 2144 1578 2186; x_wconf 91' lang='lat' dir='ltr'>II</span> <span class='ocrx_word' id='word_1_229' title='bbox 1613 2145 1667 2187; x_wconf 88' lang='lat'>13</span> 
     </span>
     <span class='ocr_line' id='line_1_30' title="bbox 142 2209 1666 2270; baseline 0.005 -19"><span class='ocrx_word' id='word_1_230' title='bbox 142 2209 360 2265; x_wconf 86' lang='lat' dir='ltr'>leguntur,</span> <span class='ocrx_word' id='word_1_231' title='bbox 389 2209 495 2252; x_wconf 91' lang='lat' dir='ltr'>olim</span> <span class='ocrx_word' id='word_1_232' title='bbox 526 2210 733 2252; x_wconf 84' lang='lat' dir='ltr'>extabant</span> <span class='ocrx_word' id='word_1_233' title='bbox 762 2210 808 2251; x_wconf 90' lang='lat' dir='ltr'>in</span> <span class='ocrx_word' id='word_1_234' title='bbox 833 2210 964 2253; x_wconf 73' lang='lat' dir='ltr'>tertio</span> <span class='ocrx_word' id='word_1_235' title='bbox 989 2211 1222 2255; x_wconf 90' lang='lat' dir='ltr'>uolumine.</span> <span class='ocrx_word' id='word_1_236' title='bbox 1271 2214 1386 2269; x_wconf 91' lang='lat' dir='ltr'>quod</span> <span class='ocrx_word' id='word_1_237' title='bbox 1411 2215 1666 2270; x_wconf 86' lang='lat' dir='ltr'>explicatius</span> 
     </span>
     <span class='ocr_line' id='line_1_31' title="bbox 142 2294 536 2336; baseline -0.005 -12"><span class='ocrx_word' id='word_1_238' title='bbox 142 2295 233 2324; x_wconf 78' lang='lat' dir='ltr'>lam</span> <span class='ocrx_word' id='word_1_239' title='bbox 262 2294 536 2336; x_wconf 86' lang='lat' dir='ltr'>exponemus.</span> 
     </span>
    </p>

    <p class='ocr_par' dir='ltr' id='par_1_8' title="bbox 143 2356 1668 2630">
     <span class='ocr_line' id='line_1_32' title="bbox 262 2356 1666 2419; baseline 0.006 -21"><span class='ocrx_word' id='word_1_240' title='bbox 262 2356 309 2399; x_wconf 91' lang='lat' dir='ltr'>Si</span> <span class='ocrx_word' id='word_1_241' title='bbox 345 2371 372 2399; x_wconf 85' lang='lat' dir='ltr'>a</span> <span class='ocrx_word' id='word_1_242' title='bbox 406 2356 451 2398; x_wconf 93' lang='lat' dir='ltr'>H</span> <span class='ocrx_word' id='word_1_243' title='bbox 491 2357 545 2399; x_wconf 87' lang='lat'>13</span> <span class='ocrx_word' id='word_1_244' title='bbox 580 2357 736 2412; x_wconf 90' lang='lat' dir='ltr'>pedem</span> <span class='ocrx_word' id='word_1_245' title='bbox 771 2372 1059 2415; x_wconf 77' lang='lat' dir='ltr'>remooemus,</span> <span class='ocrx_word' id='word_1_246' title='bbox 1096 2360 1219 2403; x_wconf 86' lang='lat' dir='ltr'>adest</span> <span class='ocrx_word' id='word_1_247' title='bbox 1258 2362 1366 2404; x_wconf 91' lang='lat' dir='ltr'>unde</span> <span class='ocrx_word' id='word_1_248' title='bbox 1403 2362 1502 2405; x_wconf 90' lang='lat' dir='ltr'>huic</span> <span class='ocrx_word' id='word_1_249' title='bbox 1540 2378 1666 2419; x_wconf 88' lang='lat' dir='ltr'>quae-</span> 
     </span>
     <span class='ocr_line' id='line_1_33' title="bbox 144 2427 1667 2488; baseline 0.005 -20"><span class='ocrx_word' id='word_1_250' title='bbox 144 2427 277 2470; x_wconf 88' lang='lat' dir='ltr'>stioni</span> <span class='ocrx_word' id='word_1_251' title='bbox 300 2427 438 2470; x_wconf 84' lang='lat' dir='ltr'>lucem</span> <span class='ocrx_word' id='word_1_252' title='bbox 463 2427 680 2470; x_wconf 85' lang='lat' dir='ltr'>affundere</span> <span class='ocrx_word' id='word_1_253' title='bbox 704 2428 834 2472; x_wconf 89' lang='lat' dir='ltr'>liceat</span> <span class='ocrx_word' id='word_1_254' title='bbox 862 2444 1035 2473; x_wconf 89' lang='lat' dir='ltr'>carmen</span> <span class='ocrx_word' id='word_1_255' title='bbox 1059 2430 1103 2472; x_wconf 91' lang='lat' dir='ltr'>H</span> <span class='ocrx_word' id='word_1_256' title='bbox 1131 2431 1198 2473; x_wconf 90' lang='lat'>10.</span> <span class='ocrx_word' id='word_1_257' title='bbox 1245 2432 1291 2473; x_wconf 93' lang='lat' dir='ltr'>in</span> <span class='ocrx_word' id='word_1_258' title='bbox 1315 2447 1399 2488; x_wconf 91' lang='lat' dir='ltr'>quo</span> <span class='ocrx_word' id='word_1_259' title='bbox 1418 2433 1667 2488; x_wconf 84' lang='lat' dir='ltr'>Propertius</span> 
     </span>
     <span class='ocr_line' id='line_1_34' title="bbox 144 2498 1668 2559; baseline 0.005 -20"><span class='ocrx_word' id='word_1_260' title='bbox 144 2498 311 2541; x_wconf 88' lang='lat' dir='ltr'>abiecta</span> <span class='ocrx_word' id='word_1_261' title='bbox 339 2498 492 2540; x_wconf 86' lang='lat' dir='ltr'>humili</span> <span class='ocrx_word' id='word_1_262' title='bbox 521 2499 644 2554; x_wconf 89' lang='lat' dir='ltr'>poesi</span> <span class='ocrx_word' id='word_1_263' title='bbox 681 2501 890 2543; x_wconf 87' lang='lat' dir='ltr'>amatoria</span> <span class='ocrx_word' id='word_1_264' title='bbox 926 2516 1019 2543; x_wconf 87' lang='lat' dir='ltr'>sese</span> <span class='ocrx_word' id='word_1_265' title='bbox 1056 2504 1283 2545; x_wconf 88' lang='lat' dir='ltr'>canturum</span> <span class='ocrx_word' id='word_1_266' title='bbox 1314 2518 1408 2546; x_wconf 89' lang='lat' dir='ltr'>esse</span> <span class='ocrx_word' id='word_1_267' title='bbox 1437 2506 1668 2559; x_wconf 74' lang='lat' dir='ltr'>profitetur</span> 
     </span>
     <span class='ocr_line' id='line_1_35' title="bbox 143 2568 1666 2630; baseline 0.005 -19"><span class='ocrx_word' id='word_1_268' title='bbox 143 2568 333 2625; x_wconf 75' lang='lat' dir='ltr'>Augusti</span> <span class='ocrx_word' id='word_1_269' title='bbox 361 2568 489 2625; x_wconf 85' lang='lat' dir='ltr'>facta,</span> <span class='ocrx_word' id='word_1_270' title='bbox 518 2585 605 2613; x_wconf 92' lang='lat' dir='ltr'>non</span> <span class='ocrx_word' id='word_1_271' title='bbox 635 2571 826 2626; x_wconf 80' lang='lat' dir='ltr'>perfecto</span> <span class='ocrx_word' id='word_1_272' title='bbox 856 2572 901 2614; x_wconf 92' lang='lat' dir='ltr'>id</span> <span class='ocrx_word' id='word_1_273' title='bbox 932 2573 1105 2628; x_wconf 86' lang='lat' dir='ltr'>quidem</span> <span class='ocrx_word' id='word_1_274' title='bbox 1135 2574 1326 2616; x_wconf 89' lang='lat' dir='ltr'>carmine</span> <span class='ocrx_word' id='word_1_275' title='bbox 1352 2575 1485 2630; x_wconf 90' lang='lat' dir='ltr'>epico‚</span> <span class='ocrx_word' id='word_1_276' title='bbox 1517 2575 1592 2618; x_wconf 90' lang='lat' dir='ltr'>sed</span> <span class='ocrx_word' id='word_1_277' title='bbox 1619 2579 1666 2618; x_wconf 89' lang='lat' dir='ltr'>ut</span> 
     </span>
    </p>
   </div>
   <div class='ocr_carea' id='block_1_7' title="bbox 143 2676 425 2682">
    <p class='ocr_par' dir='ltr' id='par_1_9' title="bbox 143 2676 425 2682">
     <span class='ocr_line' id='line_1_36' title="bbox 143 2676 425 2682; baseline 0 0"><span class='ocrx_word' id='word_1_278' title='bbox 143 2676 425 2682; x_wconf 95' lang='lat' dir='ltr'> </span> 
     </span>
    </p>
   </div>
   <div class='ocr_carea' id='block_1_8' title="bbox 143 2745 1665 2968">
    <p class='ocr_par' dir='ltr' id='par_1_10' title="bbox 143 2745 1665 2968">
     <span class='ocr_line' id='line_1_37' title="bbox 238 2745 1665 2795; baseline 0.005 -16"><span class='ocrx_word' id='word_1_279' title='bbox 238 2745 275 2790; x_wconf 62' lang='lat'>³)</span> <span class='ocrx_word' id='word_1_280' title='bbox 301 2755 388 2780; x_wconf 79' lang='lat' dir='ltr'>nam</span> <span class='ocrx_word' id='word_1_281' title='bbox 420 2745 451 2780; x_wconf 87' lang='lat' dir='ltr'>si</span> <span class='ocrx_word' id='word_1_282' title='bbox 482 2756 631 2781; x_wconf 84' lang='lat' dir='ltr'>carmen</span> <span class='ocrx_word' id='word_1_283' title='bbox 655 2746 690 2781; x_wconf 93' lang='grc' dir='ltr'>Π</span> <span class='ocrx_word' id='word_1_284' title='bbox 716 2749 760 2781; x_wconf 83' lang='grc'>13</span> <span class='ocrx_word' id='word_1_285' title='bbox 784 2747 990 2794; x_wconf 84' lang='lat' dir='ltr'>antiquitus</span> <span class='ocrx_word' id='word_1_286' title='bbox 1022 2749 1135 2785; x_wconf 84' lang='lat' dir='ltr'>tertio</span> <span class='ocrx_word' id='word_1_287' title='bbox 1160 2749 1343 2785; x_wconf 89' lang='lat' dir='ltr'>uolumini</span> <span class='ocrx_word' id='word_1_288' title='bbox 1368 2752 1449 2786; x_wconf 86' lang='lat' dir='ltr'>erat</span> <span class='ocrx_word' id='word_1_289' title='bbox 1472 2750 1665 2795; x_wconf 83' lang='lat' dir='ltr'>insertum,</span> 
     </span>
     <span class='ocr_line' id='line_1_38' title="bbox 143 2805 1663 2854; baseline 0.003 -15"><span class='ocrx_word' id='word_1_290' title='bbox 143 2805 276 2850; x_wconf 80' lang='lat' dir='ltr'>sponte</span> <span class='ocrx_word' id='word_1_291' title='bbox 307 2815 375 2840; x_wconf 85' lang='lat' dir='ltr'>sua</span> <span class='ocrx_word' id='word_1_292' title='bbox 404 2806 562 2850; x_wconf 87' lang='lat' dir='ltr'>apparet</span> <span class='ocrx_word' id='word_1_293' title='bbox 592 2805 686 2840; x_wconf 87' lang='lat' dir='ltr'>bene</span> <span class='ocrx_word' id='word_1_294' title='bbox 716 2806 891 2851; x_wconf 85' lang='lat' dir='ltr'>recteque</span> <span class='ocrx_word' id='word_1_295' title='bbox 922 2808 1158 2854; x_wconf 81' lang='lat' dir='ltr'>Propertium</span> <span class='ocrx_word' id='word_1_296' title='bbox 1190 2809 1237 2844; x_wconf 89' lang='lat' dir='ltr'>de</span> <span class='ocrx_word' id='word_1_297' title='bbox 1263 2809 1380 2845; x_wconf 80' lang='lat' dir='ltr'>tribus</span> <span class='ocrx_word' id='word_1_298' title='bbox 1405 2809 1544 2844; x_wconf 86' lang='lat' dir='ltr'>libellis</span> <span class='ocrx_word' id='word_1_299' title='bbox 1569 2811 1663 2844; x_wconf 77' lang='lat' dir='ltr'>tam-</span> 
     </span>
     <span class='ocr_line' id='line_1_39' title="bbox 144 2862 1663 2915; baseline 0.003 -17"><span class='ocrx_word' id='word_1_300' title='bbox 144 2874 258 2909; x_wconf 82' lang='lat' dir='ltr'>quam</span> <span class='ocrx_word' id='word_1_301' title='bbox 292 2863 342 2899; x_wconf 83' lang='lat' dir='ltr'>ad</span> <span class='ocrx_word' id='word_1_302' title='bbox 373 2862 513 2899; x_wconf 82' lang='lat' dir='ltr'>inferos</span> <span class='ocrx_word' id='word_1_303' title='bbox 549 2864 745 2900; x_wconf 81' lang='lat' dir='ltr'>comitibus</span> <span class='ocrx_word' id='word_1_304' title='bbox 778 2865 894 2912; x_wconf 85' lang='lat' dir='ltr'>loqui,</span> <span class='ocrx_word' id='word_1_305' title='bbox 927 2868 970 2902; x_wconf 90' lang='lat' dir='ltr'>ut</span> <span class='ocrx_word' id='word_1_306' title='bbox 1006 2867 1072 2915; x_wconf 89' lang='lat' dir='ltr'>qui</span> <span class='ocrx_word' id='word_1_307' title='bbox 1104 2867 1207 2904; x_wconf 69' lang='lat' dir='ltr'>tertii</span> <span class='ocrx_word' id='word_1_308' title='bbox 1240 2867 1327 2903; x_wconf 84' lang='lat' dir='ltr'>libri</span> <span class='ocrx_word' id='word_1_309' title='bbox 1362 2867 1563 2904; x_wconf 88' lang='lat' dir='ltr'>editionem</span> <span class='ocrx_word' id='word_1_310' title='bbox 1587 2868 1663 2903; x_wconf 87' lang='lat' dir='ltr'>iam</span> 
     </span>
     <span class='ocr_line' id='line_1_40' title="bbox 143 2924 394 2968; baseline 0 -10"><span class='ocrx_word' id='word_1_311' title='bbox 143 2924 394 2968; x_wconf 79' lang='lat' dir='ltr'>praepararet.</span> 
     </span>
    </p>
   </div>
  </div>
 </body>
</html>
