<?xml version="1.0" encoding="UTF-8"?>
<!DOCTYPE html PUBLIC "-//W3C//DTD XHTML 1.0 Transitional//EN"
    "http://www.w3.org/TR/xhtml1/DTD/xhtml1-transitional.dtd">
<html xmlns="http://www.w3.org/1999/xhtml" xml:lang="en" lang="en">
 <head>
  <title>
</title>
<meta http-equiv="Content-Type" content="text/html;charset=utf-8" />
  <meta name='ocr-system' content='tesseract 3.04.00' />
  <meta name='ocr-capabilities' content='ocr_page ocr_carea ocr_par ocr_line ocrx_word'/>
</head>
<body>
  <div class='ocr_page' id='page_1' title='image "./elegiarumlibrir00propuoft_0174.png"; bbox 0 0 1898 3190; ppageno 0'>
   <div class='ocr_carea' id='block_1_1' title="bbox 243 157 1262 204">
    <p class='ocr_par' dir='ltr' id='par_1_1' title="bbox 243 157 1262 204">
     <span class='ocr_line' id='line_1_1' title="bbox 243 157 1262 204; baseline 0.003 -5"><span class='ocrx_word' id='word_1_1' title='bbox 243 157 329 199; x_wconf 86' lang='lat'>114</span> <span class='ocrx_word' id='word_1_2' title='bbox 738 163 1000 203; x_wconf 83' lang='lat' dir='ltr'>PROPERTII</span> <span class='ocrx_word' id='word_1_3' title='bbox 1024 166 1114 204; x_wconf 87' lang='lat' dir='ltr'><strong>LIB.</strong></span> <span class='ocrx_word' id='word_1_4' title='bbox 1139 166 1202 203; x_wconf 90' lang='lat' dir='ltr'><strong>III.</strong></span> <span class='ocrx_word' id='word_1_5' title='bbox 1229 172 1262 204; x_wconf 89' lang='lat'>6.</span> 
     </span>
    </p>
   </div>
   <div class='ocr_carea' id='block_1_2' title="bbox 284 268 1657 1751">
    <p class='ocr_par' dir='ltr' id='par_1_2' title="bbox 284 268 1657 1751">
     <span class='ocr_line' id='line_1_2' title="bbox 417 268 1348 319; baseline 0.008 -9"><span class='ocrx_word' id='word_1_6' title='bbox 417 268 615 312; x_wconf 86' lang='lat' dir='ltr'>Riualem</span> <span class='ocrx_word' id='word_1_7' title='bbox 646 272 811 315; x_wconf 89' lang='lat' dir='ltr'>nullam</span> <span class='ocrx_word' id='word_1_8' title='bbox 844 274 981 317; x_wconf 89' lang='lat' dir='ltr'>dicere</span> <span class='ocrx_word' id='word_1_9' title='bbox 1012 275 1171 318; x_wconf 89' lang='lat' dir='ltr'>habere</span> <span class='ocrx_word' id='word_1_10' title='bbox 1203 276 1348 319; x_wconf 83' lang='lat' dir='ltr'>domi?</span> 
     </span>
     <span class='ocr_line' id='line_1_3' title="bbox 306 337 1378 390; baseline 0.009 -11"><span class='ocrx_word' id='word_1_11' title='bbox 306 368 308 370; x_wconf 63' lang='grc'><em>»</em></span> <span class='ocrx_word' id='word_1_12' title='bbox 358 337 526 382; x_wconf 83' lang='lat' dir='ltr'>Gaudet</span> <span class='ocrx_word' id='word_1_13' title='bbox 557 356 625 383; x_wconf 88' lang='lat' dir='ltr'>me</span> <span class='ocrx_word' id='word_1_14' title='bbox 656 358 791 386; x_wconf 85' lang='lat' dir='ltr'>uacuo</span> <span class='ocrx_word' id='word_1_15' title='bbox 826 345 965 387; x_wconf 86' lang='lat' dir='ltr'>solam</span> <span class='ocrx_word' id='word_1_16' title='bbox 995 346 1215 389; x_wconf 76' lang='lat' dir='ltr'>tabescere</span> <span class='ocrx_word' id='word_1_17' title='bbox 1246 347 1378 390; x_wconf 86' lang='lat' dir='ltr'>lecto:</span> 
     </span>
     <span class='ocr_line' id='line_1_4' title="bbox 419 410 1472 472; baseline 0.008 -19"><span class='ocrx_word' id='word_1_18' title='bbox 419 410 465 453; x_wconf 83' lang='lat' dir='ltr'>Si</span> <span class='ocrx_word' id='word_1_19' title='bbox 495 413 658 468; x_wconf 75' lang='lat' dir='ltr'>placet,</span> <span class='ocrx_word' id='word_1_20' title='bbox 690 415 885 471; x_wconf 82' lang='lat' dir='ltr'>insultet,</span> <span class='ocrx_word' id='word_1_21' title='bbox 917 416 1156 472; x_wconf 82' lang='lat' dir='ltr'>Lygdame,</span> <span class='ocrx_word' id='word_1_22' title='bbox 1188 420 1327 461; x_wconf 90' lang='lat' dir='ltr'>morte</span> <span class='ocrx_word' id='word_1_23' title='bbox 1358 419 1472 461; x_wconf 86' lang='lat' dir='ltr'>mea!</span> 
     </span>
     <span class='ocr_line' id='line_1_5' title="bbox 296 480 1559 544; baseline 0.009 -22"><span class='ocrx_word' id='word_1_24' title='bbox 296 492 341 523; x_wconf 79' lang='lat'>25</span> <span class='ocrx_word' id='word_1_25' title='bbox 355 480 455 524; x_wconf 94' lang='lat' dir='ltr'>Non</span> <span class='ocrx_word' id='word_1_26' title='bbox 487 498 556 525; x_wconf 91' lang='lat' dir='ltr'>me</span> <span class='ocrx_word' id='word_1_27' title='bbox 588 485 779 528; x_wconf 91' lang='lat' dir='ltr'>moribus</span> <span class='ocrx_word' id='word_1_28' title='bbox 811 487 907 543; x_wconf 88' lang='lat' dir='ltr'>illa,</span> <span class='ocrx_word' id='word_1_29' title='bbox 940 489 1013 529; x_wconf 90' lang='lat' dir='ltr'>sed</span> <span class='ocrx_word' id='word_1_30' title='bbox 1044 488 1189 531; x_wconf 81' lang='lat' dir='ltr'>herbis</span> <span class='ocrx_word' id='word_1_31' title='bbox 1221 490 1405 544; x_wconf 86' lang='lat' dir='ltr'>inproba</span> <span class='ocrx_word' id='word_1_32' title='bbox 1435 490 1559 533; x_wconf 91' lang='lat' dir='ltr'>uicit:</span> 
     </span>
     <span class='ocr_line' id='line_1_6' title="bbox 416 545 1486 615; baseline 0.009 -21"><span class='ocrx_word' id='word_1_33' title='bbox 416 545 638 598; x_wconf 84' lang='lat' dir='ltr'>Staminea</span> <span class='ocrx_word' id='word_1_34' title='bbox 668 557 842 601; x_wconf 84' lang='lat' dir='ltr'><strong>rhombi</strong></span> <span class='ocrx_word' id='word_1_35' title='bbox 873 559 1043 602; x_wconf 90' lang='lat' dir='ltr'>ducitur</span> <span class='ocrx_word' id='word_1_36' title='bbox 1074 560 1146 601; x_wconf 93' lang='lat' dir='ltr'>ille</span> <span class='ocrx_word' id='word_1_37' title='bbox 1178 563 1291 615; x_wconf 84' lang='lat' dir='ltr'>rota3</span> <span class='ocrx_word' id='word_1_38' title='bbox 1484 571 1486 573; x_wconf 76' lang='grc'><strong><em>’</em></strong></span> 
     </span>
     <span class='ocr_line' id='line_1_7' title="bbox 351 623 1334 685; baseline 0.008 -20"><span class='ocrx_word' id='word_1_39' title='bbox 351 623 480 666; x_wconf 93' lang='lat' dir='ltr'>Illum</span> <span class='ocrx_word' id='word_1_40' title='bbox 511 628 730 683; x_wconf 87' lang='lat' dir='ltr'>turgentis</span> <span class='ocrx_word' id='word_1_41' title='bbox 762 644 893 671; x_wconf 87' lang='lat' dir='ltr'>ranae</span> <span class='ocrx_word' id='word_1_42' title='bbox 925 633 1126 685; x_wconf 87' lang='lat' dir='ltr'>portenta</span> <span class='ocrx_word' id='word_1_43' title='bbox 1157 631 1334 674; x_wconf 88' lang='lat' dir='ltr'>rubetae</span> 
     </span>
     <span class='ocr_line' id='line_1_8' title="bbox 411 695 1392 756; baseline 0.007 -18"><span class='ocrx_word' id='word_1_44' title='bbox 411 695 469 738; x_wconf 86' lang='lat' dir='ltr'>Et</span> <span class='ocrx_word' id='word_1_45' title='bbox 500 697 614 740; x_wconf 88' lang='lat' dir='ltr'>lecta</span> <span class='ocrx_word' id='word_1_46' title='bbox 646 702 805 741; x_wconf 83' lang='lat' dir='ltr'>exectis</span> <span class='ocrx_word' id='word_1_47' title='bbox 838 701 1050 756; x_wconf 85' lang='lat' dir='ltr'>anguibus</span> <span class='ocrx_word' id='word_1_48' title='bbox 1083 717 1184 744; x_wconf 87' lang='lat' dir='ltr'>ossa</span> <span class='ocrx_word' id='word_1_49' title='bbox 1213 703 1392 745; x_wconf 80' lang='lat' dir='ltr'>trahunt</span> 
     </span>
     <span class='ocr_line' id='line_1_9' title="bbox 351 765 1515 830; baseline 0.009 -23"><span class='ocrx_word' id='word_1_50' title='bbox 351 765 411 808; x_wconf 89' lang='lat' dir='ltr'>Et</span> <span class='ocrx_word' id='word_1_51' title='bbox 443 767 592 824; x_wconf 89' lang='lat' dir='ltr'>strigis</span> <span class='ocrx_word' id='word_1_52' title='bbox 624 769 826 813; x_wconf 88' lang='lat' dir='ltr'>inuentae</span> <span class='ocrx_word' id='word_1_53' title='bbox 858 786 935 827; x_wconf 90' lang='lat' dir='ltr'>per</span> <span class='ocrx_word' id='word_1_54' title='bbox 965 773 1094 814; x_wconf 86' lang='lat' dir='ltr'>busta</span> <span class='ocrx_word' id='word_1_55' title='bbox 1125 774 1312 816; x_wconf 89' lang='lat' dir='ltr'>iacentia</span> <span class='ocrx_word' id='word_1_56' title='bbox 1342 775 1515 830; x_wconf 88' lang='lat' dir='ltr'>plumae</span> 
     </span>
     <span class='ocr_line' id='line_1_10' title="bbox 296 837 1297 895; baseline 0.009 -17"><span class='ocrx_word' id='word_1_57' title='bbox 296 847 341 878; x_wconf 90' lang='lat'>30</span> <span class='ocrx_word' id='word_1_58' title='bbox 416 837 654 895; x_wconf 74' lang='lat' dir='ltr'>Cinctaque</span> <span class='ocrx_word' id='word_1_59' title='bbox 687 841 859 885; x_wconf 88' lang='lat' dir='ltr'>funesto</span> <span class='ocrx_word' id='word_1_60' title='bbox 891 843 1017 885; x_wconf 87' lang='lat' dir='ltr'>lanea</span> <span class='ocrx_word' id='word_1_61' title='bbox 1047 844 1159 886; x_wconf 84' lang='lat' dir='ltr'>uitta</span> <span class='ocrx_word' id='word_1_62' title='bbox 1189 847 1297 888; x_wconf 91' lang='lat' dir='ltr'>toro.</span> 
     </span>
     <span class='ocr_line' id='line_1_11' title="bbox 353 907 1657 973; baseline 0.008 -23"><span class='ocrx_word' id='word_1_63' title='bbox 353 907 398 950; x_wconf 83' lang='lat' dir='ltr'>Si</span> <span class='ocrx_word' id='word_1_64' title='bbox 428 924 516 952; x_wconf 92' lang='lat' dir='ltr'>non</span> <span class='ocrx_word' id='word_1_65' title='bbox 547 925 660 954; x_wconf 89' lang='lat' dir='ltr'>uana</span> <span class='ocrx_word' id='word_1_66' title='bbox 693 917 853 955; x_wconf 86' lang='lat' dir='ltr'>canunt</span> <span class='ocrx_word' id='word_1_67' title='bbox 885 928 981 956; x_wconf 87' lang='lat' dir='ltr'>mea</span> <span class='ocrx_word' id='word_1_68' title='bbox 1013 916 1198 967; x_wconf 87' lang='lat' dir='ltr'>somnia,</span> <span class='ocrx_word' id='word_1_69' title='bbox 1231 915 1470 973; x_wconf 85' lang='lat' dir='ltr'>Lygdame,</span> <span class='ocrx_word' id='word_1_70' title='bbox 1501 920 1657 973; x_wconf 80' lang='lat' dir='ltr'>testor,</span> 
     </span>
     <span class='ocr_line' id='line_1_12' title="bbox 407 979 1571 1044; baseline 0.009 -23"><span class='ocrx_word' id='word_1_71' title='bbox 407 979 553 1023; x_wconf 85' lang='lat' dir='ltr'>Poena</span> <span class='ocrx_word' id='word_1_72' title='bbox 584 984 666 1025; x_wconf 89' lang='lat' dir='ltr'>erit</span> <span class='ocrx_word' id='word_1_73' title='bbox 698 987 798 1027; x_wconf 84' lang='lat' dir='ltr'>ante</span> <span class='ocrx_word' id='word_1_74' title='bbox 829 1000 948 1027; x_wconf 91' lang='lat' dir='ltr'>meos</span> <span class='ocrx_word' id='word_1_75' title='bbox 981 1001 1093 1042; x_wconf 84' lang='lat' dir='ltr'>sera,</span> <span class='ocrx_word' id='word_1_76' title='bbox 1126 987 1199 1029; x_wconf 90' lang='lat' dir='ltr'>sed</span> <span class='ocrx_word' id='word_1_77' title='bbox 1231 989 1393 1044; x_wconf 85' lang='lat' dir='ltr'>ampla,</span> <span class='ocrx_word' id='word_1_78' title='bbox 1425 989 1571 1044; x_wconf 79' lang='lat' dir='ltr'>pede8‚</span> 
     </span>
     <span class='ocr_line' id='line_1_13' title="bbox 346 1049 1370 1115; baseline 0.01 -23"><span class='ocrx_word' id='word_1_79' title='bbox 346 1049 491 1094; x_wconf 89' lang='lat' dir='ltr'>Putris</span> <span class='ocrx_word' id='word_1_80' title='bbox 525 1055 568 1094; x_wconf 85' lang='lat' dir='ltr'>et</span> <span class='ocrx_word' id='word_1_81' title='bbox 598 1054 645 1095; x_wconf 92' lang='lat' dir='ltr'>in</span> <span class='ocrx_word' id='word_1_82' title='bbox 677 1071 814 1098; x_wconf 91' lang='lat' dir='ltr'>uacuo</span> <span class='ocrx_word' id='word_1_83' title='bbox 846 1059 1015 1099; x_wconf 87' lang='lat' dir='ltr'>texetur</span> <span class='ocrx_word' id='word_1_84' title='bbox 1047 1073 1206 1100; x_wconf 85' lang='lat' dir='ltr'>aranea</span> <span class='ocrx_word' id='word_1_85' title='bbox 1237 1059 1370 1115; x_wconf 86' lang='lat' dir='ltr'>lecto,</span> 
     </span>
     <span class='ocr_line' id='line_1_14' title="bbox 406 1121 1374 1183; baseline 0.008 -19"><span class='ocrx_word' id='word_1_86' title='bbox 406 1121 621 1166; x_wconf 84' lang='lat' dir='ltr'>Noctibus</span> <span class='ocrx_word' id='word_1_87' title='bbox 652 1125 826 1168; x_wconf 89' lang='lat' dir='ltr'>illorum</span> <span class='ocrx_word' id='word_1_88' title='bbox 859 1127 1043 1170; x_wconf 88' lang='lat' dir='ltr'>dormiet</span> <span class='ocrx_word' id='word_1_89' title='bbox 1073 1129 1168 1183; x_wconf 88' lang='lat' dir='ltr'>ipsa</span> <span class='ocrx_word' id='word_1_90' title='bbox 1201 1129 1374 1172; x_wconf 88' lang='lat' dir='ltr'>Venus.&#39;</span> 
     </span>
     <span class='ocr_line' id='line_1_15' title="bbox 287 1193 1458 1256; baseline 0.008 -22"><span class='ocrx_word' id='word_1_91' title='bbox 287 1203 331 1234; x_wconf 83' lang='lat'>35</span> <span class='ocrx_word' id='word_1_92' title='bbox 347 1193 466 1243; x_wconf 80' lang='lat' dir='ltr'>Quae</span> <span class='ocrx_word' id='word_1_93' title='bbox 498 1196 581 1238; x_wconf 90' lang='lat' dir='ltr'>tibi</span> <span class='ocrx_word' id='word_1_94' title='bbox 614 1198 650 1238; x_wconf 86' lang='lat' dir='ltr'>si</span> <span class='ocrx_word' id='word_1_95' title='bbox 681 1199 794 1240; x_wconf 86' lang='lat' dir='ltr'>ueris</span> <span class='ocrx_word' id='word_1_96' title='bbox 827 1199 983 1241; x_wconf 87' lang='lat' dir='ltr'>animis</span> <span class='ocrx_word' id='word_1_97' title='bbox 1015 1201 1081 1241; x_wconf 87' lang='lat' dir='ltr'>est</span> <span class='ocrx_word' id='word_1_98' title='bbox 1112 1202 1264 1255; x_wconf 86' lang='lat' dir='ltr'>questa</span> <span class='ocrx_word' id='word_1_99' title='bbox 1294 1201 1458 1256; x_wconf 88' lang='lat' dir='ltr'>puella,</span> 
     </span>
     <span class='ocr_line' id='line_1_16' title="bbox 405 1265 1407 1325; baseline 0.006 -18"><span class='ocrx_word' id='word_1_100' title='bbox 405 1265 499 1308; x_wconf 89' lang='lat' dir='ltr'>Hac</span> <span class='ocrx_word' id='word_1_101' title='bbox 533 1268 680 1309; x_wconf 86' lang='lat' dir='ltr'>eadem</span> <span class='ocrx_word' id='word_1_102' title='bbox 713 1283 879 1324; x_wconf 88' lang='lat' dir='ltr'>rursus,</span> <span class='ocrx_word' id='word_1_103' title='bbox 911 1269 1150 1325; x_wconf 81' lang='lat' dir='ltr'>Lygdame,</span> <span class='ocrx_word' id='word_1_104' title='bbox 1182 1285 1303 1312; x_wconf 89' lang='lat' dir='ltr'>curre</span> <span class='ocrx_word' id='word_1_105' title='bbox 1333 1271 1407 1313; x_wconf 89' lang='lat' dir='ltr'>uia</span> 
     </span>
     <span class='ocr_line' id='line_1_17' title="bbox 345 1335 1521 1398; baseline 0.006 -21"><span class='ocrx_word' id='word_1_106' title='bbox 345 1335 406 1377; x_wconf 84' lang='lat' dir='ltr'>Et</span> <span class='ocrx_word' id='word_1_107' title='bbox 436 1351 534 1380; x_wconf 87' lang='lat' dir='ltr'>mea</span> <span class='ocrx_word' id='word_1_108' title='bbox 566 1354 661 1381; x_wconf 90' lang='lat' dir='ltr'>cum</span> <span class='ocrx_word' id='word_1_109' title='bbox 693 1340 840 1382; x_wconf 88' lang='lat' dir='ltr'>multis</span> <span class='ocrx_word' id='word_1_110' title='bbox 871 1340 1062 1383; x_wconf 87' lang='lat' dir='ltr'>lacrimis</span> <span class='ocrx_word' id='word_1_111' title='bbox 1094 1341 1299 1383; x_wconf 87' lang='lat' dir='ltr'>mandata</span> <span class='ocrx_word' id='word_1_112' title='bbox 1330 1343 1521 1398; x_wconf 78' lang='lat' dir='ltr'>reporta,</span> 
     </span>
     <span class='ocr_line' id='line_1_18' title="bbox 403 1407 1381 1466; baseline 0.006 -17"><span class='ocrx_word' id='word_1_113' title='bbox 403 1407 537 1466; x_wconf 82' lang='lat' dir='ltr'>Iram,</span> <span class='ocrx_word' id='word_1_114' title='bbox 568 1426 655 1453; x_wconf 91' lang='lat' dir='ltr'>non</span> <span class='ocrx_word' id='word_1_115' title='bbox 687 1410 861 1453; x_wconf 88' lang='lat' dir='ltr'>fraudes</span> <span class='ocrx_word' id='word_1_116' title='bbox 895 1426 987 1454; x_wconf 91' lang='lat' dir='ltr'>esse</span> <span class='ocrx_word' id='word_1_117' title='bbox 1018 1411 1063 1453; x_wconf 95' lang='lat' dir='ltr'>in</span> <span class='ocrx_word' id='word_1_118' title='bbox 1096 1427 1241 1454; x_wconf 87' lang='lat' dir='ltr'>amore</span> <span class='ocrx_word' id='word_1_119' title='bbox 1273 1427 1381 1456; x_wconf 89' lang='lat' dir='ltr'>meo.</span> 
     </span>
     <span class='ocr_line' id='line_1_19' title="bbox 343 1478 1525 1539; baseline 0.003 -18"><span class='ocrx_word' id='word_1_120' title='bbox 343 1478 414 1521; x_wconf 90' lang='lat' dir='ltr'>Me</span> <span class='ocrx_word' id='word_1_121' title='bbox 447 1495 616 1537; x_wconf 86' lang='lat' dir='ltr'>quoque</span> <span class='ocrx_word' id='word_1_122' title='bbox 649 1481 862 1524; x_wconf 87' lang='lat' dir='ltr'>consimili</span> <span class='ocrx_word' id='word_1_123' title='bbox 894 1482 1131 1537; x_wconf 85' lang='lat' dir='ltr'>inpositum</span> <span class='ocrx_word' id='word_1_124' title='bbox 1161 1483 1402 1539; x_wconf 85' lang='lat' dir='ltr'>torquerier</span> <span class='ocrx_word' id='word_1_125' title='bbox 1431 1482 1525 1539; x_wconf 87' lang='lat' dir='ltr'>igni</span> 
     </span>
     <span class='ocr_line' id='line_1_20' title="bbox 284 1550 1245 1609; baseline 0.005 -18"><span class='ocrx_word' id='word_1_126' title='bbox 284 1559 330 1592; x_wconf 87' lang='lat'>40</span> <span class='ocrx_word' id='word_1_127' title='bbox 403 1550 580 1606; x_wconf 87' lang='lat' dir='ltr'>Iurabo,</span> <span class='ocrx_word' id='word_1_128' title='bbox 611 1553 678 1594; x_wconf 91' lang='lat' dir='ltr'>bis</span> <span class='ocrx_word' id='word_1_129' title='bbox 711 1567 785 1595; x_wconf 83' lang='lat' dir='ltr'>sex</span> <span class='ocrx_word' id='word_1_130' title='bbox 815 1553 983 1609; x_wconf 85' lang='lat' dir='ltr'>integer</span> <span class='ocrx_word' id='word_1_131' title='bbox 1014 1568 1110 1596; x_wconf 87' lang='lat' dir='ltr'>ecce</span> <span class='ocrx_word' id='word_1_132' title='bbox 1143 1553 1245 1596; x_wconf 84' lang='lat' dir='ltr'>dies.</span> 
     </span>
     <span class='ocr_line' id='line_1_21' title="bbox 344 1620 1371 1671; baseline 0.005 -8"><span class='ocrx_word' id='word_1_133' title='bbox 344 1620 467 1671; x_wconf 82' lang='lat' dir='ltr'>Quod</span> <span class='ocrx_word' id='word_1_134' title='bbox 499 1623 607 1664; x_wconf 90' lang='lat' dir='ltr'>mihi</span> <span class='ocrx_word' id='word_1_135' title='bbox 640 1623 675 1665; x_wconf 89' lang='lat' dir='ltr'>si</span> <span class='ocrx_word' id='word_1_136' title='bbox 705 1625 829 1665; x_wconf 87' lang='lat' dir='ltr'>tanto</span> <span class='ocrx_word' id='word_1_137' title='bbox 860 1623 964 1665; x_wconf 86' lang='lat' dir='ltr'>felix</span> <span class='ocrx_word' id='word_1_138' title='bbox 996 1625 1226 1667; x_wconf 85' lang='lat' dir='ltr'>concordia</span> <span class='ocrx_word' id='word_1_139' title='bbox 1256 1625 1371 1668; x_wconf 92' lang='lat' dir='ltr'>bello</span> 
     </span>
     <span class='ocr_line' id='line_1_22' title="bbox 402 1693 1394 1751; baseline 0.001 -15"><span class='ocrx_word' id='word_1_140' title='bbox 402 1693 632 1749; x_wconf 82' lang='lat' dir='ltr'>Extiterit,</span> <span class='ocrx_word' id='word_1_141' title='bbox 662 1708 739 1749; x_wconf 88' lang='lat' dir='ltr'>per</span> <span class='ocrx_word' id='word_1_142' title='bbox 770 1708 856 1749; x_wconf 80' lang='lat' dir='ltr'>me,</span> <span class='ocrx_word' id='word_1_143' title='bbox 887 1693 1126 1751; x_wconf 81' lang='lat' dir='ltr'>Lygdame,</span> <span class='ocrx_word' id='word_1_144' title='bbox 1158 1696 1268 1738; x_wconf 89' lang='lat' dir='ltr'>liber</span> <span class='ocrx_word' id='word_1_145' title='bbox 1299 1696 1394 1737; x_wconf 87' lang='lat' dir='ltr'>eris.</span> 
     </span>
    </p>
   </div>
   <div class='ocr_carea' id='block_1_3' title="bbox 225 1943 509 1950">
    <p class='ocr_par' dir='ltr' id='par_1_3' title="bbox 225 1943 509 1950">
     <span class='ocr_line' id='line_1_23' title="bbox 225 1943 509 1950; baseline 0 1240"><span class='ocrx_word' id='word_1_146' title='bbox 225 1943 509 1950; x_wconf 95' lang='lat' dir='ltr'> </span> 
     </span>
    </p>
   </div>
   <div class='ocr_carea' id='block_1_4' title="bbox 211 1999 1751 2226">
    <p class='ocr_par' dir='ltr' id='par_1_4' title="bbox 211 1999 1751 2226">
     <span class='ocr_line' id='line_1_24' title="bbox 315 1999 1750 2048; baseline 0.003 -12"><span class='ocrx_word' id='word_1_147' title='bbox 315 2001 405 2037; x_wconf 77' lang='lat' dir='ltr'><strong>VAB.</strong></span> <span class='ocrx_word' id='word_1_148' title='bbox 431 2014 531 2036; x_wconf 71' lang='lat' dir='ltr'>mor.</span> <span class='ocrx_word' id='word_1_149' title='bbox 582 2005 627 2036; x_wconf 82' lang='lat'>22</span> <span class='ocrx_word' id='word_1_150' title='bbox 659 2000 832 2036; x_wconf 81' lang='lat' dir='ltr'>Riualem</span> <span class='ocrx_word' id='word_1_151' title='bbox 857 1999 1127 2037; x_wconf 83' lang='lat' dir='ltr'>Marklandus:</span> <span class='ocrx_word' id='word_1_152' title='bbox 1164 2001 1370 2046; x_wconf 90' lang='lat' dir='ltr'>Aequalem</span> <span class='ocrx_word' id='word_1_153' title='bbox 1397 2005 1421 2036; x_wconf 93' lang='grc'><strong>0</strong></span> <span class='ocrx_word' id='word_1_154' title='bbox 1454 2003 1564 2048; x_wconf 77' lang='lat' dir='ltr'>(quod</span> <span class='ocrx_word' id='word_1_155' title='bbox 1593 2014 1669 2039; x_wconf 84' lang='lat' dir='ltr'>non</span> <span class='ocrx_word' id='word_1_156' title='bbox 1692 2005 1750 2040; x_wconf 85' lang='lat' dir='ltr'>de-</span> 
     </span>
     <span class='ocr_line' id='line_1_25' title="bbox 218 2058 1750 2106; baseline 0.003 -12"><span class='ocrx_word' id='word_1_157' title='bbox 218 2059 339 2102; x_wconf 81' lang='lat' dir='ltr'>fendit</span> <span class='ocrx_word' id='word_1_158' title='bbox 362 2060 414 2094; x_wconf 92' lang='lat' dir='ltr'>III</span> <span class='ocrx_word' id='word_1_159' title='bbox 439 2064 472 2106; x_wconf 88' lang='lat'>8,</span> <span class='ocrx_word' id='word_1_160' title='bbox 493 2062 552 2105; x_wconf 81' lang='lat'>21)</span> <span class='ocrx_word' id='word_1_161' title='bbox 578 2060 627 2095; x_wconf 84' lang='lat' dir='ltr'>Et</span> <span class='ocrx_word' id='word_1_162' title='bbox 645 2059 795 2105; x_wconf 88' lang='lat' dir='ltr'>qualem</span> <span class='ocrx_word' id='word_1_163' title='bbox 815 2062 846 2093; x_wconf 70' lang='grc' dir='ltr'><strong>Ν</strong></span> <span class='ocrx_word' id='word_1_164' title='bbox 869 2058 873 2106; x_wconf 81' lang='grc' dir='ltr'>Ι</span> <span class='ocrx_word' id='word_1_165' title='bbox 895 2059 1038 2094; x_wconf 87' lang='lat' dir='ltr'>nullam</span> <span class='ocrx_word' id='word_1_166' title='bbox 1058 2081 1103 2085; x_wconf 94' lang='lat'><strong>—</strong></span> <span class='ocrx_word' id='word_1_167' title='bbox 1123 2060 1225 2096; x_wconf 90' lang='lat' dir='ltr'>domi</span> <span class='ocrx_word' id='word_1_168' title='bbox 1243 2061 1438 2096; x_wconf 80' lang='lat' dir='ltr'>Heinsius:</span> <span class='ocrx_word' id='word_1_169' title='bbox 1463 2062 1568 2097; x_wconf 81' lang='lat' dir='ltr'>nulla.</span> <span class='ocrx_word' id='word_1_170' title='bbox 1581 2083 1626 2089; x_wconf 97' lang='lat'>—</span> <span class='ocrx_word' id='word_1_171' title='bbox 1640 2063 1750 2100; x_wconf 89' lang='lat' dir='ltr'>domo</span> 
     </span>
     <span class='ocr_line' id='line_1_26' title="bbox 220 2119 1751 2170; baseline 0.005 -19"><span class='ocrx_word' id='word_1_172' title='bbox 220 2121 244 2151; x_wconf 95' lang='grc'><strong>0</strong></span> <span class='ocrx_word' id='word_1_173' title='bbox 271 2119 388 2163; x_wconf 86' lang='grc'><strong>(1111110</strong></span> <span class='ocrx_word' id='word_1_174' title='bbox 413 2122 474 2164; x_wconf 72' lang='grc' dir='ltr'>Ν);</span> <span class='ocrx_word' id='word_1_175' title='bbox 499 2120 626 2165; x_wconf 78' lang='lat' dir='ltr'>puella</span> <span class='ocrx_word' id='word_1_176' title='bbox 650 2120 784 2155; x_wconf 82' lang='lat' dir='ltr'>riualis</span> <span class='ocrx_word' id='word_1_177' title='bbox 809 2122 850 2154; x_wconf 78' lang='lat' dir='ltr'>ut</span> <span class='ocrx_word' id='word_1_178' title='bbox 875 2119 1060 2163; x_wconf 79' lang='lat' dir='ltr'>inferatur</span> <span class='ocrx_word' id='word_1_179' title='bbox 1079 2121 1302 2164; x_wconf 79' lang='lat' dir='ltr'>postulat-u.</span> <span class='ocrx_word' id='word_1_180' title='bbox 1323 2119 1471 2170; x_wconf 39' lang='lat' dir='ltr'>25·i11a;</span> <span class='ocrx_word' id='word_1_181' title='bbox 1496 2122 1610 2157; x_wconf 84' lang='lat' dir='ltr'>uaria</span> <span class='ocrx_word' id='word_1_182' title='bbox 1627 2123 1751 2168; x_wconf 75' lang='lat' dir='ltr'>nilque</span> 
     </span>
     <span class='ocr_line' id='line_1_27' title="bbox 211 2178 1749 2226; baseline 0.003 -14"><span class='ocrx_word' id='word_1_183' title='bbox 211 2178 448 2221; x_wconf 71' lang='lat' dir='ltr'>proficientia</span> <span class='ocrx_word' id='word_1_184' title='bbox 467 2178 644 2214; x_wconf 74' lang='lat' dir='ltr'>coniecere</span> <span class='ocrx_word' id='word_1_185' title='bbox 662 2178 798 2223; x_wconf 89' lang='lat' dir='ltr'>(Atque</span> <span class='ocrx_word' id='word_1_186' title='bbox 818 2178 931 2213; x_wconf 85' lang='lat' dir='ltr'>aliam</span> <span class='ocrx_word' id='word_1_187' title='bbox 950 2178 1055 2214; x_wconf 90' lang='lat' dir='ltr'>nulla</span> <span class='ocrx_word' id='word_1_188' title='bbox 1070 2199 1113 2205; x_wconf 89' lang='lat'>—</span> <span class='ocrx_word' id='word_1_189' title='bbox 1129 2179 1239 2215; x_wconf 91' lang='lat' dir='ltr'>domo</span> <span class='ocrx_word' id='word_1_190' title='bbox 1259 2179 1484 2224; x_wconf 79' lang='lat' dir='ltr'>Hoeufftius)</span> <span class='ocrx_word' id='word_1_191' title='bbox 1503 2181 1516 2226; x_wconf 80' lang='grc' dir='ltr'>ΙΙ</span> <span class='ocrx_word' id='word_1_192' title='bbox 1535 2184 1582 2216; x_wconf 82' lang='lat'>24</span> <span class='ocrx_word' id='word_1_193' title='bbox 1605 2181 1749 2218; x_wconf 70' lang='lat' dir='ltr'>exultet</span> 
     </span>
    </p>
   </div>
   <div class='ocr_carea' id='block_1_5' title="bbox 144 2239 1748 2298">
    <p class='ocr_par' dir='ltr' id='par_1_5' title="bbox 144 2239 1748 2298">
     <span class='ocr_line' id='line_1_28' title="bbox 144 2239 1748 2298; baseline 0.001 -11"><span class='ocrx_word' id='word_1_194' title='bbox 144 2282 147 2287; x_wconf 28' lang='lat' dir='ltr'>f</span> <span class='ocrx_word' id='word_1_195' title='bbox 217 2249 397 2285; x_wconf 73' lang='lat' dir='ltr'>Heinsius</span> <span class='ocrx_word' id='word_1_196' title='bbox 415 2251 428 2296; x_wconf 80' lang='lat' dir='ltr'>n</span> <span class='ocrx_word' id='word_1_197' title='bbox 456 2253 500 2284; x_wconf 79' lang='lat'>25</span> <span class='ocrx_word' id='word_1_198' title='bbox 526 2249 634 2295; x_wconf 87' lang='lat' dir='ltr'>impr.</span> <span class='ocrx_word' id='word_1_199' title='bbox 659 2254 688 2283; x_wconf 81' lang='lat'>1)</span> <span class='ocrx_word' id='word_1_200' title='bbox 707 2252 738 2283; x_wconf 82' lang='lat' dir='ltr'><strong>v</strong></span> <span class='ocrx_word' id='word_1_201' title='bbox 768 2250 780 2295; x_wconf 80' lang='lat' dir='ltr'>n</span> <span class='ocrx_word' id='word_1_202' title='bbox 811 2253 856 2285; x_wconf 83' lang='lat'>26</span> <span class='ocrx_word' id='word_1_203' title='bbox 882 2239 1004 2285; x_wconf 62' lang='lat' dir='ltr'>fombi</span> <span class='ocrx_word' id='word_1_204' title='bbox 1023 2253 1179 2287; x_wconf 60' lang='lat' dir='ltr'>vcorm</span> <span class='ocrx_word' id='word_1_205' title='bbox 1204 2250 1366 2286; x_wconf 73' lang='lat' dir='ltr'>rumbio</span> <span class='ocrx_word' id='word_1_206' title='bbox 1386 2251 1513 2287; x_wconf 78' lang='lat' dir='ltr'>bombi</span> <span class='ocrx_word' id='word_1_207' title='bbox 1531 2253 1594 2298; x_wconf 74' lang='grc'><strong>1111</strong></span> <span class='ocrx_word' id='word_1_208' title='bbox 1612 2256 1657 2288; x_wconf 76' lang='lat'>27</span> <span class='ocrx_word' id='word_1_209' title='bbox 1675 2254 1748 2289; x_wconf 82' lang='lat' dir='ltr'>ter-</span> 
     </span>
    </p>
   </div>
   <div class='ocr_carea' id='block_1_6' title="bbox 217 2308 1748 2416">
    <p class='ocr_par' dir='ltr' id='par_1_6' title="bbox 217 2308 1748 2416">
     <span class='ocr_line' id='line_1_29' title="bbox 217 2308 1748 2367; baseline 0.003 -24"><span class='ocrx_word' id='word_1_210' title='bbox 217 2308 342 2353; x_wconf 84' lang='lat' dir='ltr'>gentis</span> <span class='ocrx_word' id='word_1_211' title='bbox 366 2313 414 2354; x_wconf 75' lang='lat' dir='ltr'>F,</span> <span class='ocrx_word' id='word_1_212' title='bbox 441 2320 533 2344; x_wconf 88' lang='lat' dir='ltr'>corr.</span> <span class='ocrx_word' id='word_1_213' title='bbox 559 2320 627 2354; x_wconf 73' lang='lat' dir='ltr'>my.</span> <span class='ocrx_word' id='word_1_214' title='bbox 653 2319 698 2344; x_wconf 87' lang='lat' dir='ltr'>m.</span> <span class='ocrx_word' id='word_1_215' title='bbox 725 2311 750 2344; x_wconf 81' lang='lat'><strong><em>2</em></strong></span> <span class='ocrx_word' id='word_1_216' title='bbox 769 2309 781 2353; x_wconf 88' lang='grc' dir='ltr'>ΙΙ</span> <span class='ocrx_word' id='word_1_217' title='bbox 808 2312 852 2344; x_wconf 82' lang='grc'>28</span> <span class='ocrx_word' id='word_1_218' title='bbox 878 2308 986 2343; x_wconf 83' lang='lat' dir='ltr'>lectis</span> <span class='ocrx_word' id='word_1_219' title='bbox 1011 2312 1038 2342; x_wconf 82' lang='lat' dir='ltr'>F</span> <span class='ocrx_word' id='word_1_220' title='bbox 1065 2321 1108 2344; x_wconf 86' lang='lat' dir='ltr'>m.</span> <span class='ocrx_word' id='word_1_221' title='bbox 1135 2312 1156 2344; x_wconf 89' lang='lat'><strong><em>1</em></strong></span> <span class='ocrx_word' id='word_1_222' title='bbox 1180 2312 1185 2351; x_wconf 80' lang='grc'>1</span> <span class='ocrx_word' id='word_1_223' title='bbox 1207 2309 1347 2345; x_wconf 81' lang='lat' dir='ltr'>exactis</span> <span class='ocrx_word' id='word_1_224' title='bbox 1370 2313 1398 2343; x_wconf 80' lang='lat' dir='ltr'>F</span> <span class='ocrx_word' id='word_1_225' title='bbox 1424 2310 1593 2355; x_wconf 79' lang='lat' dir='ltr'>(exsectis</span> <span class='ocrx_word' id='word_1_226' title='bbox 1618 2322 1663 2347; x_wconf 88' lang='lat' dir='ltr'>m.</span> <span class='ocrx_word' id='word_1_227' title='bbox 1688 2313 1748 2367; x_wconf 67' lang='grc' dir='ltr'>,2)ἶ</span> 
     </span>
     <span class='ocr_line' id='line_1_30' title="bbox 217 2367 1747 2416; baseline 0.003 -14"><span class='ocrx_word' id='word_1_228' title='bbox 217 2379 262 2403; x_wconf 88' lang='lat' dir='ltr'>ex</span> <span class='ocrx_word' id='word_1_229' title='bbox 281 2368 371 2403; x_wconf 81' lang='lat' dir='ltr'>seris</span> <span class='ocrx_word' id='word_1_230' title='bbox 391 2367 541 2414; x_wconf 85' lang='lat' dir='ltr'>ignibus</span> <span class='ocrx_word' id='word_1_231' title='bbox 560 2368 739 2403; x_wconf 76' lang='lat' dir='ltr'>Heinsius</span> <span class='ocrx_word' id='word_1_232' title='bbox 764 2379 809 2403; x_wconf 90' lang='lat' dir='ltr'>ex</span> <span class='ocrx_word' id='word_1_233' title='bbox 835 2367 924 2402; x_wconf 83' lang='lat' dir='ltr'>atris</span> <span class='ocrx_word' id='word_1_234' title='bbox 950 2368 1024 2414; x_wconf 88' lang='lat' dir='ltr'>ign.</span> <span class='ocrx_word' id='word_1_235' title='bbox 1047 2369 1297 2404; x_wconf 81' lang='lat' dir='ltr'>Marklandus</span> <span class='ocrx_word' id='word_1_236' title='bbox 1316 2370 1513 2405; x_wconf 80' lang='lat' dir='ltr'>exstructis</span> <span class='ocrx_word' id='word_1_237' title='bbox 1532 2370 1607 2416; x_wconf 87' lang='lat' dir='ltr'>ign.</span> <span class='ocrx_word' id='word_1_238' title='bbox 1627 2370 1747 2406; x_wconf 78' lang='lat' dir='ltr'>Lach-</span> 
     </span>
    </p>
   </div>
   <div class='ocr_carea' id='block_1_7' title="bbox 215 2426 1786 2475">
    <p class='ocr_par' dir='ltr' id='par_1_7' title="bbox 215 2426 1786 2475">
     <span class='ocr_line' id='line_1_31' title="bbox 215 2426 1786 2475; baseline 0.002 -13"><span class='ocrx_word' id='word_1_239' title='bbox 215 2438 375 2462; x_wconf 87' lang='lat' dir='ltr'>mannus</span> <span class='ocrx_word' id='word_1_240' title='bbox 393 2428 406 2473; x_wconf 77' lang='lat' dir='ltr'>ss</span> <span class='ocrx_word' id='word_1_241' title='bbox 424 2431 468 2462; x_wconf 83' lang='lat'>29</span> <span class='ocrx_word' id='word_1_242' title='bbox 496 2426 613 2472; x_wconf 82' lang='lat' dir='ltr'>stygis</span> <span class='ocrx_word' id='word_1_243' title='bbox 638 2431 667 2461; x_wconf 86' lang='lat' dir='ltr'><strong>D</strong></span> <span class='ocrx_word' id='word_1_244' title='bbox 694 2426 833 2471; x_wconf 84' lang='lat' dir='ltr'>(strigis</span> <span class='ocrx_word' id='word_1_245' title='bbox 856 2430 900 2470; x_wconf 87' lang='lat' dir='ltr'>V,</span> <span class='ocrx_word' id='word_1_246' title='bbox 925 2428 987 2462; x_wconf 85' lang='lat' dir='ltr'>sed</span> <span class='ocrx_word' id='word_1_247' title='bbox 1011 2431 1052 2462; x_wconf 82' lang='lat' dir='ltr'>ut</span> <span class='ocrx_word' id='word_1_248' title='bbox 1071 2426 1104 2462; x_wconf 87' lang='lat' dir='ltr'>ri</span> <span class='ocrx_word' id='word_1_249' title='bbox 1125 2428 1280 2471; x_wconf 82' lang='lat' dir='ltr'>fortasse</span> <span class='ocrx_word' id='word_1_250' title='bbox 1298 2439 1342 2463; x_wconf 76' lang='lat' dir='ltr'>ex</span> <span class='ocrx_word' id='word_1_251' title='bbox 1360 2439 1451 2465; x_wconf 88' lang='lat' dir='ltr'>corr.</span> <span class='ocrx_word' id='word_1_252' title='bbox 1471 2430 1533 2473; x_wconf 78' lang='lat' dir='ltr'>sit)</span> <span class='ocrx_word' id='word_1_253' title='bbox 1554 2433 1560 2475; x_wconf 86' lang='grc' dir='ltr'>Ι</span> <span class='ocrx_word' id='word_1_254' title='bbox 1581 2429 1748 2466; x_wconf 78' lang='lat' dir='ltr'>tacentia</span> <span class='ocrx_word' id='word_1_255' title='bbox 1780 2434 1786 2441; x_wconf 95' lang='grc'><em>’</em></span> 
     </span>
    </p>
   </div>
   <div class='ocr_carea' id='block_1_8' title="bbox 208 2485 1746 2946">
    <p class='ocr_par' dir='ltr' id='par_1_8' title="bbox 208 2485 1746 2946">
     <span class='ocr_line' id='line_1_32' title="bbox 219 2485 1745 2532; baseline 0.003 -12"><span class='ocrx_word' id='word_1_256' title='bbox 219 2485 444 2532; x_wconf 84' lang='lat' dir='ltr'>Palmerius,</span> <span class='ocrx_word' id='word_1_257' title='bbox 470 2487 539 2522; x_wconf 74' lang='lat' dir='ltr'>alii</span> <span class='ocrx_word' id='word_1_258' title='bbox 563 2488 642 2522; x_wconf 82' lang='lat' dir='ltr'>alia</span> <span class='ocrx_word' id='word_1_259' title='bbox 663 2488 668 2532; x_wconf 84' lang='grc' dir='ltr'>Ι</span> <span class='ocrx_word' id='word_1_260' title='bbox 690 2487 878 2532; x_wconf 87' lang='lat' dir='ltr'>plummae</span> <span class='ocrx_word' id='word_1_261' title='bbox 897 2490 926 2520; x_wconf 99' lang='grc' dir='ltr'><strong><em>Β</em></strong></span> <span class='ocrx_word' id='word_1_262' title='bbox 939 2489 970 2520; x_wconf 99' lang='lat' dir='ltr'><strong>V</strong></span> <span class='ocrx_word' id='word_1_263' title='bbox 987 2486 1000 2531; x_wconf 76' lang='lat' dir='ltr'>ll</span> <span class='ocrx_word' id='word_1_264' title='bbox 1019 2491 1063 2521; x_wconf 88' lang='lat'>30</span> <span class='ocrx_word' id='word_1_265' title='bbox 1084 2486 1293 2532; x_wconf 88' lang='lat' dir='ltr'>Vinctaque</span> <span class='ocrx_word' id='word_1_266' title='bbox 1313 2487 1493 2523; x_wconf 80' lang='lat' dir='ltr'>Heinsius</span> <span class='ocrx_word' id='word_1_267' title='bbox 1513 2491 1519 2532; x_wconf 83' lang='grc' dir='ltr'>Ι</span> <span class='ocrx_word' id='word_1_268' title='bbox 1539 2487 1638 2524; x_wconf 73' lang='lat' dir='ltr'>uitta</span> <span class='ocrx_word' id='word_1_269' title='bbox 1655 2493 1684 2523; x_wconf 92' lang='grc' dir='ltr'><strong><em>Β</em></strong></span> <span class='ocrx_word' id='word_1_270' title='bbox 1697 2492 1745 2524; x_wconf 87' lang='lat' dir='ltr'>V:</span> 
     </span>
     <span class='ocr_line' id='line_1_33' title="bbox 215 2545 1744 2594; baseline 0.003 -14"><span class='ocrx_word' id='word_1_271' title='bbox 215 2545 319 2580; x_wconf 80' lang='lat' dir='ltr'>uicta.</span> <span class='ocrx_word' id='word_1_272' title='bbox 343 2549 370 2579; x_wconf 81' lang='lat' dir='ltr'><strong>F</strong></span> <span class='ocrx_word' id='word_1_273' title='bbox 396 2546 477 2581; x_wconf 84' lang='lat' dir='ltr'>uita</span> <span class='ocrx_word' id='word_1_274' title='bbox 501 2548 533 2579; x_wconf 71' lang='grc' dir='ltr'><strong>Ν</strong></span> <span class='ocrx_word' id='word_1_275' title='bbox 554 2546 559 2591; x_wconf 77' lang='grc' dir='ltr'>Ι</span> <span class='ocrx_word' id='word_1_276' title='bbox 581 2547 664 2581; x_wconf 86' lang='lat' dir='ltr'>toro</span> <span class='ocrx_word' id='word_1_277' title='bbox 691 2546 886 2580; x_wconf 73' lang='lat' dir='ltr'>Heinsius:</span> <span class='ocrx_word' id='word_1_278' title='bbox 912 2545 992 2580; x_wconf 83' lang='lat' dir='ltr'>uiro</span> <span class='ocrx_word' id='word_1_279' title='bbox 1019 2548 1043 2579; x_wconf 94' lang='grc'><strong>0</strong></span> <span class='ocrx_word' id='word_1_280' title='bbox 1063 2546 1075 2591; x_wconf 84' lang='grc' dir='ltr'>ΙΙ</span> <span class='ocrx_word' id='word_1_281' title='bbox 1095 2550 1137 2581; x_wconf 90' lang='grc'>31</span> <span class='ocrx_word' id='word_1_282' title='bbox 1166 2546 1305 2581; x_wconf 81' lang='lat' dir='ltr'>cadunt</span> <span class='ocrx_word' id='word_1_283' title='bbox 1327 2551 1356 2581; x_wconf 94' lang='grc' dir='ltr'><strong><em>Β</em></strong></span> <span class='ocrx_word' id='word_1_284' title='bbox 1383 2548 1426 2591; x_wconf 91' lang='lat' dir='ltr'>(V</span> <span class='ocrx_word' id='word_1_285' title='bbox 1449 2558 1518 2593; x_wconf 75' lang='lat' dir='ltr'>my.</span> <span class='ocrx_word' id='word_1_286' title='bbox 1543 2559 1588 2583; x_wconf 88' lang='lat' dir='ltr'>m.</span> <span class='ocrx_word' id='word_1_287' title='bbox 1608 2549 1650 2594; x_wconf 82' lang='lat'>2)</span> <span class='ocrx_word' id='word_1_288' title='bbox 1667 2549 1682 2594; x_wconf 86' lang='grc' dir='ltr'>ΙΙ</span> <span class='ocrx_word' id='word_1_289' title='bbox 1699 2552 1744 2584; x_wconf 86' lang='grc'>36</span> 
     </span>
     <span class='ocr_line' id='line_1_34' title="bbox 213 2604 1746 2652; baseline 0.003 -14"><span class='ocrx_word' id='word_1_290' title='bbox 213 2604 317 2640; x_wconf 83' lang='lat' dir='ltr'>Haec</span> <span class='ocrx_word' id='word_1_291' title='bbox 339 2609 368 2638; x_wconf 93' lang='grc' dir='ltr'><strong><em>Β</em></strong></span> <span class='ocrx_word' id='word_1_292' title='bbox 390 2607 419 2638; x_wconf 90' lang='lat' dir='ltr'><strong>V</strong></span> <span class='ocrx_word' id='word_1_293' title='bbox 441 2606 446 2650; x_wconf 77' lang='grc' dir='ltr'>Ι</span> <span class='ocrx_word' id='word_1_294' title='bbox 469 2616 577 2640; x_wconf 86' lang='lat' dir='ltr'>cursu</span> <span class='ocrx_word' id='word_1_295' title='bbox 602 2609 631 2638; x_wconf 92' lang='grc' dir='ltr'><strong><em>Β</em></strong></span> <span class='ocrx_word' id='word_1_296' title='bbox 650 2607 681 2638; x_wconf 97' lang='lat' dir='ltr'><strong>V</strong></span> <span class='ocrx_word' id='word_1_297' title='bbox 706 2605 780 2649; x_wconf 84' lang='lat' dir='ltr'>(sed</span> <span class='ocrx_word' id='word_1_298' title='bbox 803 2605 862 2639; x_wconf 79' lang='lat' dir='ltr'>hic</span> <span class='ocrx_word' id='word_1_299' title='bbox 886 2605 928 2639; x_wconf 87' lang='lat' dir='ltr'>in</span> <span class='ocrx_word' id='word_1_300' title='bbox 951 2616 1078 2639; x_wconf 81' lang='lat' dir='ltr'>rursus</span> <span class='ocrx_word' id='word_1_301' title='bbox 1103 2606 1210 2650; x_wconf 87' lang='lat' dir='ltr'>corr.)</span> <span class='ocrx_word' id='word_1_302' title='bbox 1232 2604 1238 2651; x_wconf 75' lang='grc' dir='ltr'>Ι</span> <span class='ocrx_word' id='word_1_303' title='bbox 1259 2605 1358 2640; x_wconf 86' lang='lat' dir='ltr'>uiam</span> <span class='ocrx_word' id='word_1_304' title='bbox 1384 2609 1416 2640; x_wconf 76' lang='grc' dir='ltr'><strong>Ν</strong></span> <span class='ocrx_word' id='word_1_305' title='bbox 1446 2607 1459 2652; x_wconf 76' lang='grc' dir='ltr'>ΙΙ</span> <span class='ocrx_word' id='word_1_306' title='bbox 1489 2610 1534 2642; x_wconf 86' lang='grc'>39</span> <span class='ocrx_word' id='word_1_307' title='bbox 1561 2607 1746 2643; x_wconf 79' lang='lat' dir='ltr'>consimili</span> 
     </span>
     <span class='ocr_line' id='line_1_35' title="bbox 214 2663 1743 2712; baseline 0.002 -14"><span class='ocrx_word' id='word_1_308' title='bbox 214 2666 258 2698; x_wconf 79' lang='lat' dir='ltr'>F:</span> <span class='ocrx_word' id='word_1_309' title='bbox 286 2674 369 2698; x_wconf 87' lang='lat' dir='ltr'>cum</span> <span class='ocrx_word' id='word_1_310' title='bbox 396 2663 510 2699; x_wconf 85' lang='lat' dir='ltr'>simili</span> <span class='ocrx_word' id='word_1_311' title='bbox 532 2668 561 2697; x_wconf 94' lang='grc' dir='ltr'><strong><em>Β</em></strong></span> <span class='ocrx_word' id='word_1_312' title='bbox 582 2667 612 2697; x_wconf 88' lang='lat' dir='ltr'><strong>V</strong></span> <span class='ocrx_word' id='word_1_313' title='bbox 638 2663 782 2699; x_wconf 83' lang='lat' dir='ltr'>consuli</span> <span class='ocrx_word' id='word_1_314' title='bbox 805 2666 837 2697; x_wconf 74' lang='lat' dir='ltr'>N</span> <span class='ocrx_word' id='word_1_315' title='bbox 869 2665 873 2708; x_wconf 87' lang='grc' dir='ltr'>Ι</span> <span class='ocrx_word' id='word_1_316' title='bbox 910 2663 1043 2708; x_wconf 85' lang='lat' dir='ltr'>impos.</span> <span class='ocrx_word' id='word_1_317' title='bbox 1068 2669 1096 2698; x_wconf 93' lang='grc' dir='ltr'><strong><em>Β</em></strong></span> <span class='ocrx_word' id='word_1_318' title='bbox 1116 2667 1146 2698; x_wconf 92' lang='lat' dir='ltr'><strong>V</strong></span> <span class='ocrx_word' id='word_1_319' title='bbox 1173 2666 1178 2708; x_wconf 90' lang='grc' dir='ltr'>Ι</span> <span class='ocrx_word' id='word_1_320' title='bbox 1206 2664 1382 2700; x_wconf 85' lang='lat' dir='ltr'>torrerier</span> <span class='ocrx_word' id='word_1_321' title='bbox 1408 2665 1615 2701; x_wconf 83' lang='lat' dir='ltr'>Palmerius</span> <span class='ocrx_word' id='word_1_322' title='bbox 1649 2666 1663 2712; x_wconf 82' lang='grc' dir='ltr'>Ι]</span> <span class='ocrx_word' id='word_1_323' title='bbox 1697 2669 1743 2701; x_wconf 81' lang='lat'>40</span> 
     </span>
     <span class='ocr_line' id='line_1_36' title="bbox 213 2722 1743 2769; baseline 0.003 -13"><span class='ocrx_word' id='word_1_324' title='bbox 213 2722 349 2757; x_wconf 84' lang='lat' dir='ltr'>Iurabo</span> <span class='ocrx_word' id='word_1_325' title='bbox 374 2722 431 2757; x_wconf 86' lang='lat' dir='ltr'>bis</span> <span class='ocrx_word' id='word_1_326' title='bbox 453 2725 497 2757; x_wconf 88' lang='lat'>0:</span> <span class='ocrx_word' id='word_1_327' title='bbox 523 2723 656 2758; x_wconf 84' lang='lat' dir='ltr'>Iurabo</span> <span class='ocrx_word' id='word_1_328' title='bbox 676 2725 715 2758; x_wconf 87' lang='lat' dir='ltr'>et</span> <span class='ocrx_word' id='word_1_329' title='bbox 735 2722 792 2758; x_wconf 83' lang='lat' dir='ltr'>bis</span> <span class='ocrx_word' id='word_1_330' title='bbox 813 2733 835 2761; x_wconf 87' lang='grc' dir='ltr'>ς</span> <span class='ocrx_word' id='word_1_331' title='bbox 853 2723 988 2758; x_wconf 82' lang='lat' dir='ltr'>Iurabo</span> <span class='ocrx_word' id='word_1_332' title='bbox 1008 2723 1076 2758; x_wconf 88' lang='lat' dir='ltr'>hos</span> <span class='ocrx_word' id='word_1_333' title='bbox 1097 2723 1153 2757; x_wconf 90' lang='lat' dir='ltr'>bis</span> <span class='ocrx_word' id='word_1_334' title='bbox 1174 2723 1435 2759; x_wconf 85' lang='lat' dir='ltr'>Lachmannus</span> <span class='ocrx_word' id='word_1_335' title='bbox 1456 2724 1461 2767; x_wconf 94' lang='grc' dir='ltr'>Ι</span> <span class='ocrx_word' id='word_1_336' title='bbox 1484 2734 1568 2759; x_wconf 87' lang='lat' dir='ltr'>ecce</span> <span class='ocrx_word' id='word_1_337' title='bbox 1591 2725 1743 2769; x_wconf 81' lang='lat' dir='ltr'>scripsi:</span> 
     </span>
     <span class='ocr_line' id='line_1_37' title="bbox 214 2781 1744 2827; baseline 0.001 -10"><span class='ocrx_word' id='word_1_338' title='bbox 214 2793 295 2817; x_wconf 81' lang='lat' dir='ltr'>esse</span> <span class='ocrx_word' id='word_1_339' title='bbox 321 2784 346 2815; x_wconf 90' lang='grc'><strong>0</strong></span> <span class='ocrx_word' id='word_1_340' title='bbox 377 2781 390 2826; x_wconf 86' lang='grc' dir='ltr'>ΙΙ</span> <span class='ocrx_word' id='word_1_341' title='bbox 427 2785 471 2816; x_wconf 86' lang='grc'>41</span> <span class='ocrx_word' id='word_1_342' title='bbox 500 2781 607 2825; x_wconf 83' lang='lat' dir='ltr'>Quod</span> <span class='ocrx_word' id='word_1_343' title='bbox 630 2786 658 2816; x_wconf 79' lang='lat' dir='ltr'>F</span> <span class='ocrx_word' id='word_1_344' title='bbox 683 2794 727 2818; x_wconf 91' lang='lat' dir='ltr'>m.</span> <span class='ocrx_word' id='word_1_345' title='bbox 753 2786 797 2827; x_wconf 78' lang='grc'>,2,</span> <span class='ocrx_word' id='word_1_346' title='bbox 823 2784 853 2815; x_wconf 96' lang='lat' dir='ltr'><strong>V</strong></span> <span class='ocrx_word' id='word_1_347' title='bbox 878 2792 987 2826; x_wconf 88' lang='lat' dir='ltr'>corr.‚</span> <span class='ocrx_word' id='word_1_348' title='bbox 1013 2785 1061 2817; x_wconf 77' lang='lat' dir='ltr'>N:</span> <span class='ocrx_word' id='word_1_349' title='bbox 1089 2782 1186 2825; x_wconf 83' lang='lat' dir='ltr'>Quid</span> <span class='ocrx_word' id='word_1_350' title='bbox 1212 2786 1236 2816; x_wconf 93' lang='grc'><strong>0</strong></span> <span class='ocrx_word' id='word_1_351' title='bbox 1271 2783 1276 2827; x_wconf 87' lang='grc' dir='ltr'>Ι</span> <span class='ocrx_word' id='word_1_352' title='bbox 1310 2782 1402 2816; x_wconf 86' lang='lat' dir='ltr'>mihi</span> <span class='ocrx_word' id='word_1_353' title='bbox 1427 2782 1459 2817; x_wconf 88' lang='lat' dir='ltr'>si</span> <span class='ocrx_word' id='word_1_354' title='bbox 1484 2785 1526 2818; x_wconf 89' lang='lat'>0:</span> <span class='ocrx_word' id='word_1_355' title='bbox 1551 2782 1624 2818; x_wconf 80' lang='lat' dir='ltr'>nisi</span> <span class='ocrx_word' id='word_1_356' title='bbox 1648 2784 1687 2818; x_wconf 76' lang='lat' dir='ltr'>et</span> <span class='ocrx_word' id='word_1_357' title='bbox 1710 2786 1744 2817; x_wconf 63' lang='lat'>11</span> 
     </span>
     <span class='ocr_line' id='line_1_38' title="bbox 212 2840 1742 2887; baseline 0.001 -12"><span class='ocrx_word' id='word_1_358' title='bbox 212 2840 306 2876; x_wconf 89' lang='lat' dir='ltr'>mihi</span> <span class='ocrx_word' id='word_1_359' title='bbox 331 2841 361 2876; x_wconf 80' lang='lat' dir='ltr'>si</span> <span class='ocrx_word' id='word_1_360' title='bbox 386 2852 405 2876; x_wconf 91' lang='lat' dir='ltr'>e</span> <span class='ocrx_word' id='word_1_361' title='bbox 437 2841 543 2876; x_wconf 84' lang='lat' dir='ltr'>tanto</span> <span class='ocrx_word' id='word_1_362' title='bbox 576 2841 838 2877; x_wconf 84' lang='lat' dir='ltr'>Lachmannus</span> <span class='ocrx_word' id='word_1_363' title='bbox 870 2841 1037 2884; x_wconf 84' lang='lat' dir='ltr'>Quodsin</span> <span class='ocrx_word' id='word_1_364' title='bbox 1061 2852 1081 2876; x_wconf 94' lang='lat' dir='ltr'>e</span> <span class='ocrx_word' id='word_1_365' title='bbox 1116 2842 1224 2877; x_wconf 84' lang='lat' dir='ltr'>tanto</span> <span class='ocrx_word' id='word_1_366' title='bbox 1249 2840 1295 2876; x_wconf 89' lang='lat' dir='ltr'>L.</span> <span class='ocrx_word' id='word_1_367' title='bbox 1325 2841 1544 2886; x_wconf 53' lang='lat' dir='ltr'>Muellerum</span> <span class='ocrx_word' id='word_1_368' title='bbox 1582 2842 1742 2887; x_wconf 77' lang='lat' dir='ltr'>equidem</span> 
     </span>
     <span class='ocr_line' id='line_1_39' title="bbox 208 2900 1107 2946; baseline -0.001 -11"><span class='ocrx_word' id='word_1_369' title='bbox 208 2911 279 2946; x_wconf 75' lang='lat' dir='ltr'>pro</span> <span class='ocrx_word' id='word_1_370' title='bbox 304 2901 411 2935; x_wconf 83' lang='lat' dir='ltr'>tanto</span> <span class='ocrx_word' id='word_1_371' title='bbox 436 2901 655 2945; x_wconf 80' lang='lat' dir='ltr'>reposuerim</span> <span class='ocrx_word' id='word_1_372' title='bbox 681 2901 813 2936; x_wconf 84' lang='lat' dir='ltr'>exacto</span> <span class='ocrx_word' id='word_1_373' title='bbox 839 2901 915 2936; x_wconf 85' lang='lat' dir='ltr'>coll.</span> <span class='ocrx_word' id='word_1_374' title='bbox 942 2900 977 2934; x_wconf 92' lang='lat' dir='ltr'>II</span> <span class='ocrx_word' id='word_1_375' title='bbox 1004 2903 1060 2946; x_wconf 89' lang='lat'>14,</span> <span class='ocrx_word' id='word_1_376' title='bbox 1086 2905 1107 2935; x_wconf 88' lang='lat'><strong>3</strong></span> 
     </span>
    </p>
   </div>
  </div>
 </body>
</html>
