1936 3216
220 190 272 226 IV
794 189 1172 226 PROLEGOMENA.

228 298 411 354 honore,
457 299 708 341 mutabatur
752 299 797 339 in
835 299 1006 353 culpam
1043 313 1130 340 non
1167 297 1397 352 minorem,
1434 296 1559 338 unius
1597 296 1756 339 codicis

225 370 398 424 eiusque
436 370 663 412 mediocris
701 370 1026 425 DQ
1057 369 1255 424 nimiam3
1294 371 1337 410 et
1374 367 1600 423 permultis
1638 368 1755 423 locis,

221 441 376 496 quibus
414 456 542 496 quam
582 441 767 482 maxime
806 441 1014 482 intererat
1050 442 1167 482 certo
1204 454 1331 482 nosse
1369 439 1470 494 quid
1517 438 1754 494 antiquitus

223 514 337 554 esset
368 511 590 567 traditum,
620 498 872 567 incorrupta
903 512 956 553 ab
988 511 1114 553 Italis
1147 511 1360 565 scriptura
1390 510 1445 551 ad
1474 509 1589 552 hunc
1620 523 1755 566 usque

230 583 342 625 diem
373 584 524 639 ignota
554 583 649 625 fuit.

345 654 483 704 Quam
524 654 640 696 uiam
684 656 829 696 autem
871 654 974 696 olim
1018 654 1064 695 in
1106 651 1277 695 Catullo
1320 651 1471 707 [praef.
1507 668 1547 708 p.
1583 652 1646 695 XI
1674 653 1754 708 sq.]

225 726 456 768 ineundam
489 740 582 768 esse
615 724 921 779 demonstraui,
953 724 1132 774 eandem
1165 723 1524 780 quemadmodum
1548 737 1685 779 nuper
1709 724 1756 765 in

224 796 397 839 Tibullo
431 797 491 838 sic
522 810 635 838 nunc
665 796 711 837 in
732 795 956 851 Propertio
988 795 1252 838 tutissimam
1284 795 1480 851 cognoui.
1529 794 1687 850 quippe
1712 794 1757 835 in

225 868 292 909 his
326 867 593 923 auctoribus,
625 881 806 922 quorum
838 869 1004 909 ueteres
1036 867 1201 909 codices
1233 866 1476 922 perierunt,
1507 865 1757 922 apographa
1824 873 1831 876 ’

224 939 373 981 statim
423 940 524 993 post
572 937 672 980 illos
722 940 916 993 repertos
965 937 1084 980 facta
1126 937 1371 993 indaganda
1411 940 1529 993 sunt,
1572 935 1758 992 quando-

227 1009 397 1064 quidem
421 1024 446 1051 a
468 1009 630 1051 saeculi
648 1007 752 1051 XIV
771 1009 1020 1051 hominibus
1041 1009 1275 1051 etiamtunc
1294 1008 1404 1051 afuit
1422 1008 1499 1050 illa
1518 1007 1759 1063 corrigendi

227 1081 606 1137 interpolandique
631 1080 821 1137 prurigo,
854 1095 964 1136 quae
989 1079 1088 1122 inde
1121 1095 1146 1122 a
1177 1080 1335 1122 saeculi
1359 1078 1443 1122 XV
1467 1079 1591 1122 initio
1617 1078 1758 1134 magis

226 1153 450 1208 magisque
483 1152 646 1194 inuasit
677 1152 839 1207 doctos,
871 1154 914 1194 et
944 1151 987 1193 id
1018 1152 1156 1194 multo
1189 1167 1272 1194 usu
1301 1153 1502 1207 expertus
1535 1164 1642 1205 sum,
1674 1163 1758 1205 quo

227 1224 322 1278 quis
354 1224 464 1266 liber
494 1223 691 1266 nouicius
723 1223 863 1279 magis
894 1222 1066 1265 recedat
1097 1223 1151 1265 ab
1183 1223 1407 1278 archetypi
1442 1221 1610 1264 inuenti
1649 1223 1757 1263 tem-

225 1309 345 1350 pore,
385 1295 468 1337 hoc
506 1309 603 1337 eum
640 1295 766 1350 plura
796 1294 984 1350 uestigia
1015 1297 1059 1336 et
1088 1294 1433 1348 interpolationis
1471 1295 1515 1336 et
1554 1293 1761 1348 depraua-

229 1366 362 1408 tionis
392 1365 620 1420 praeferre.
670 1366 744 1408 sed
776 1365 830 1407 ad
861 1365 968 1408 haec
1000 1364 1251 1420 apographa
1284 1364 1586 1421 antiquissima
1615 1363 1761 1406 nanci-

233 1437 390 1480 scenda
421 1439 593 1492 oportet
630 1451 718 1479 non
750 1437 1000 1493 adquiescas
1031 1436 1078 1478 in
1109 1436 1247 1491 copiis
1281 1451 1306 1478 a
1337 1435 1629 1492 superioribus
1662 1449 1761 1478 con-

228 1509 362 1565 gestis
385 1506 479 1565 (qui
504 1508 573 1550 uel
598 1508 644 1550 in
670 1508 912 1550 definienda
936 1508 1147 1550 librorum
1173 1509 1315 1550 aetate
1335 1507 1508 1562 saepius
1529 1505 1762 1563 errabant),

231 1580 305 1622 sed
345 1594 452 1637 opus
492 1581 559 1621 est
597 1576 790 1637 αὐτοψίᾳ
822 1582 867 1622 et
903 1593 1018 1622 noua
1048 1578 1410 1621 bibliothecarum
1441 1578 1764 1634 perquisitione.

143 1702 154 1715 „.
228 1653 272 1693 et
310 1651 393 1693 hac
429 1650 597 1693 ratione
635 1664 889 1706 progressus
930 1649 1031 1705 quid
1070 1650 1115 1691 in
1144 1649 1369 1705 Propertio
1407 1663 1576 1706 quoque
1616 1660 1775 1714 conse-l

232 1724 355 1764 cutus
398 1722 520 1781 sim‚s‘
536 1721 803 1778 gaudibundi
840 1724 890 1764 ut
928 1735 1116 1777 auguror
1152 1721 1334 1764 lectores
1371 1721 1457 1763 iam
1496 1720 1769 1777 intellegent-7?

349 1787 531 1836 Cuinam
563 1793 678 1836 Italo
702 1793 913 1848 protracti
944 1793 989 1835 in
1014 1793 1154 1835 lucem
1178 1793 1395 1847 Propertii
1429 1793 1524 1834 laus
1556 1791 1762 1834 debeatur

229 1865 456 1921 ignoratur
465 1864 519 1921 ²⁸).
581 1865 769 1920 primum
800 1864 1049 1907 Petrarcam
1088 1866 1261 1907 constat
1292 1863 1507 1918 Propertii
1546 1863 1763 1919 exemplar

230 1936 494 1992 possedisse:
527 1936 578 1978 cf.
609 1936 666 1978 M.
699 1935 918 1990 Hauptius
951 1949 1095 1991 opusc.
1127 1935 1149 1976 I
1178 1950 1219 1990 p.
1251 1935 1336 1977 277
1358 1949 1450 1990 sqq.
1501 1936 1546 1976 et
1575 1933 1674 1976 inde
1707 1934 1762 1976 ab

230 2008 358 2050 huius
397 2009 592 2063 tempore
630 2007 842 2062 paulatim
879 2007 926 2048 in
955 2007 1181 2049 hominum
1211 2006 1413 2048 notitiam
1442 2005 1590 2047 uenire
1621 2006 1764 2061 coepit

233 2082 364 2134 poeta
388 2079 564 2121 Umber.
613 2078 680 2121 bis
707 2080 850 2120 autem
878 2077 1047 2120 saeculo
1072 2076 1178 2119 XIV
1202 2077 1290 2119 fere
1315 2076 1456 2119 medio
1483 2076 1764 2131 archetypum

233 2150 495 2206 descriptum
529 2164 622 2192 esse
661 2150 816 2192 docent
853 2149 1018 2191 codices
1057 2164 1082 2190 a
1118 2162 1186 2190 me
1224 2147 1422 2203 adhibiti,
1465 2148 1538 2204 qui
1573 2148 1620 2189 in
1657 2147 1763 2190 duas

236 2222 461 2264 discedunt
491 2221 695 2264 familias.
746 2220 799 2262 ad
830 2234 1011 2276 quarum
1042 2219 1230 2274 priorem
1260 2218 1479 2274 pertinent
1508 2217 1555 2260 hi
1585 2219 1703 2260 libri:

351 2299 392 2334 A
421 2313 476 2326 =
509 2293 640 2335 codex
676 2292 914 2335 Vossianus
958 2291 1120 2333 latinus
1159 2290 1325 2333 formae
1368 2292 1546 2332 octauae
1588 2290 1764 2332 maioris

238 2379 418 2406 numero
451 2364 507 2406 38
539 2363 785 2419 insignitus,
816 2363 1179 2417 membranaceus,
1210 2361 1327 2404 foliis
1354 2363 1556 2404 constans
1581 2361 1765 2404 sedecim

234 2436 448 2478 linearum
480 2435 729 2477 uicenarum
762 2436 1079 2491 quaternarum.
1128 2435 1327 2476 exaratus
1365 2435 1432 2475 est
1468 2432 1680 2488 scriptura
1714 2446 1766 2474 ea

238 2521 346 2562 quae
373 2506 588 2548 saeculum
614 2505 718 2548 XIV
745 2506 858 2548 clare
883 2507 1112 2560 aperteque
1136 2505 1298 2547 indicat
1323 2503 1455 2562 (circa
1474 2519 1510 2547 a.
1529 2504 1618 2546 fere
1640 2504 1765 2558 1360,

237 2580 286 2619 ut
318 2577 426 2619 mihi
457 2577 690 2619 identidem
723 2576 989 2619 examinanti
1020 2578 1087 2618 est
1115 2574 1275 2633 uisum)
1314 2578 1356 2617 et
1387 2575 1648 2630 compendiis
1677 2588 1767 2617 non

235 2648 298 2691 ita
335 2648 508 2703 paucis,
545 2648 599 2690 ad
638 2663 746 2703 quae
785 2647 1075 2690 conlationem
1113 2647 1357 2689 instituenti
1393 2647 1501 2688 bene
1532 2648 1598 2688 est
1629 2647 1764 2688 atten-

348 2811 383 2857 *)
413 2823 553 2848 meram
588 2822 667 2847 esse
699 2811 863 2846 fabulam
898 2810 1100 2846 Alexandri
1130 2810 1177 2846 ab
1207 2810 1416 2846 Alexandro
1446 2808 1693 2845 narrationem
1721 2807 1767 2844 de

243 2871 373 2908 codice
406 2871 651 2917 Propertiano
683 2882 706 2906 a
736 2871 891 2906 Iouiano
924 2870 1094 2906 Pontano
1122 2872 1287 2916 reperto,
1325 2869 1462 2905 dudum
1495 2867 1664 2914 agnitum
1694 2869 1765 2904 est:

235 2931 280 2966 cf.
308 2930 572 2975 Hertzbergius
598 2929 614 2964 I
639 2942 674 2975 p.
702 2933 782 2964 231.
