1898 3190
660 169 923 206 PROPERTII
946 167 1036 203 LrB.
1061 167 1108 203 Π.
1135 170 1190 203 16.
1619 161 1677 202 65

215 289 262 320 30
333 278 502 320 Arserit
535 279 579 320 et
609 277 783 333 quantis
813 280 952 332 nupta
983 274 1145 318 Creusa
1174 273 1313 316 malis.

270 347 455 391 Nullane
487 349 655 391 sedabit
685 351 859 391 nostros
889 347 1045 390 iniuria
1077 345 1235 388 fletus?

330 418 403 461 An
432 419 557 461 dolor
585 419 658 462 hic
687 419 809 461 uitiis
838 418 976 460 nescit
1006 418 1159 459 abesse
1189 414 1306 457 tuis?

272 488 359 532 Tot
387 490 476 532 iam
507 490 650 532 abiere
681 490 790 544 dies,
821 503 918 531 cum
949 502 1018 529 me
1048 501 1128 529 nec
1160 501 1261 528 cura
1291 485 1453 527 theatri

330 558 423 603 Nec
451 561 598 616 tetigit
629 558 799 614 Campi,
828 573 907 601 nec
938 573 1035 600 mea
1064 557 1192 599 Musa
1221 557 1354 598 iuuat.

212 629 312 673 35A
341 626 504 686 pudeat
534 634 665 686 certe,
695 630 871 686 pudeat!
901 629 988 671 nisi
1017 628 1148 682 forte,
1180 627 1295 682 quod
1325 626 1464 677 aiunt,

331 701 485 757 Turpis
517 717 638 744 amor
669 701 808 743 surdis
841 701 1016 742 auribus
1048 713 1141 741 esse
1173 698 1294 740 solet.

274 769 411 814 Cerne
442 772 609 828 ducem,
639 772 767 814 modo
800 772 874 827 qui
903 771 1081 813 fremitu
1112 768 1345 824 compleuit
1374 768 1494 810 inani

333 841 464 886 Actia
494 842 711 884 damnatis
744 856 931 897 aequora
960 840 1182 883 militibus.

272 911 400 955 Hunc
430 913 604 956 infamis
635 928 757 956 amor
786 913 921 954 uersis
953 912 1053 967 dare
1084 914 1208 967 terga
1238 910 1396 952 carinis

215 993 262 1026 4ο
331 982 466 1026 Iussit
495 987 540 1025 et
569 987 760 1025 extremo
792 996 995 1037 quaerere
1025 982 1072 1023 in
1103 982 1207 1023 orbe
1237 981 1399 1036 fugam.

274 1052 472 1096 Caesaris
502 1055 609 1096 haec
640 1055 778 1096 uirtus
810 1056 854 1095 et
884 1053 1026 1109 gloria
1058 1051 1257 1094 Caesaris
1288 1052 1395 1093 haec
1427 1053 1508 1092 est:

333 1123 435 1180 Illa,
466 1140 552 1180 qua
580 1125 707 1180 uicit,
737 1124 929 1167 condidit
960 1138 1082 1165 arma
1112 1138 1253 1164 manu.

276 1193 359 1238 Sed
389 1210 678 1251 quascumque
707 1195 789 1238 tibi
819 1197 980 1249 uestes,
1011 1207 1302 1250 quoscumque
1334 1192 1586 1248 smaragdos

336 1266 508 1316 Quosue
538 1266 656 1308 dedit
684 1266 799 1308 flauo
829 1266 990 1307 lumine
1021 1265 1332 1320 chrysolithos,

217 1336 397 1379 45Haec
426 1337 598 1379 uideam
627 1337 802 1392 rapidas
833 1337 879 1378 in
908 1351 1069 1378 uanum
1099 1336 1212 1377 ferre
1243 1335 1475 1390 procellaS,

335 1407 454 1457 Quae
483 1409 567 1451 tibi
596 1411 730 1463 terra,
761 1408 911 1462 uelim,
943 1421 1053 1462 quae
1082 1406 1165 1448 tibi
1193 1407 1273 1448 fiat
1302 1421 1427 1461 aqua.

276 1477 378 1521 Non
409 1494 578 1535 semper
607 1479 802 1534 placidus
832 1479 1027 1534 periuros
1057 1479 1169 1520 ridet
1202 1480 1398 1520 amantes

335 1549 531 1605 Iuppiter
562 1553 606 1592 et
637 1549 767 1592 surda
795 1550 989 1605 neglegit
1020 1564 1122 1591 aure
1152 1563 1314 1604 preces.

278 1619 464 1662 Vidistis
494 1624 588 1663 toto
621 1622 787 1663 sonitus
818 1635 1064 1676 percurrere
1096 1622 1234 1675 caelo,

219 1701 266 1732 50
337 1690 621 1747 Fulminaque
654 1692 855 1734 aetherea
884 1691 1110 1732 desiluisse
1141 1691 1282 1733 domo.

277 1759 377 1803 Non
407 1761 514 1803 haec
544 1761 738 1804 Pleiades
769 1762 935 1804 faciunt
963 1776 1102 1817 neque
1133 1776 1322 1817 aquosus
1354 1759 1510 1815 Orion,

337 1830 430 1874 Nec
461 1833 522 1874 sic
553 1833 604 1874 de
634 1833 771 1875 nihilo
803 1833 996 1875 fulminis
1027 1833 1093 1874 ira
1124 1833 1256 1875 cadit:

277 1901 476 1944 Periuras
506 1905 612 1945 tunc
641 1904 715 1945 ille
746 1904 858 1946 solet
886 1903 1040 1958 punire
1071 1904 1257 1958 puellas,

337 1972 554 2028 Deceptus
585 1974 788 2029 quoniam
818 1974 939 2016 fleuit
969 1977 1012 2015 et
1041 1975 1135 2029 ipse
1166 1974 1281 2016 deus.
1357 1968 1360 1969 ⁷

222 2053 267 2086 55
282 2043 422 2094 Quare
452 2058 507 2086 ne
537 2044 618 2086 tibi
650 2045 708 2086 sit
736 2045 849 2087 tanti
881 2044 1060 2087 Sidonia
1089 2046 1242 2100 uestis,

340 2113 401 2157 Ut
429 2114 602 2170 timeas,
634 2116 832 2171 quotiens
862 2115 1036 2157 nubilus
1067 2115 1228 2158 Auster
1257 2116 1349 2158 erit.

259 2242 352 2278 Vm
377 2255 476 2278 nnc-1⁸.
527 2247 572 2278 30
598 2243 727 2278 cinusa
750 2246 795 2287 Ε,
821 2254 913 2279 corr.
938 2254 1007 2289 my.
1031 2255 1077 2280 m.
1097 2246 1123 2279 2
1141 2245 1155 2290 fl
1172 2249 1215 2279 31
1245 2256 1284 2279 se
1309 2243 1415 2280 dabit
1438 2248 1465 2278 F
1484 2248 1516 2279 Π
1532 2246 1546 2290 fl
1564 2249 1608 2280 32
1627 2245 1688 2280 Ah

165 2301 429 2337 Lachmannus
460 2303 467 2346 Ι
506 2301 609 2336 abire
634 2304 664 2334 V
688 2312 756 2346 my.
782 2313 827 2337 m.
854 2303 880 2337 2
919 2303 925 2346 Ι
962 2302 1039 2337 tuis
1065 2313 1104 2340 ςε
1130 2303 1206 2338 suis
1233 2306 1276 2347 03
1300 2304 1426 2338 malim
1449 2305 1557 2340 nouis
1592 2306 1606 2349 fl
1642 2309 1687 2340 33

165 2361 278 2396 teatri
299 2364 329 2395 r
346 2361 360 2406 fl
377 2363 424 2396 34
449 2359 573 2404 campi
596 2363 628 2394 N
651 2372 697 2394 m.
718 2364 738 2395 1
764 2371 878 2405 supra
902 2361 967 2397 lin.
988 2363 994 2403 1
1016 2373 1120 2397 musa
1145 2372 1183 2400 ⁴3:
1209 2373 1339 2398 mensa
1364 2364 1484 2408 01135
1509 2364 1567 2398 Ah
1592 2368 1621 2398 Β
1641 2366 1689 2399 V:

169 2421 217 2457 At
239 2423 268 2454 r
285 2422 318 2454 Π
350 2421 356 2465 Ι
390 2419 510 2465 aiunt]
537 2420 664 2454 ament
687 2422 732 2464 F,
757 2430 847 2455 corr.
872 2430 941 2465 my.
968 2431 1012 2455 m.
1038 2424 1065 2456 2
1082 2422 1097 2466 fl
1114 2425 1159 2456 39
1184 2421 1292 2456 Nunc
1316 2424 1348 2455 V
1381 2424 1385 2465 Ι
1417 2422 1538 2458 infans
1562 2428 1609 2466 Β;
1634 2423 1691 2458 in-

166 2489 277 2514 sanus
302 2489 342 2522 ς;
369 2490 420 2514 an
443 2478 616 2513 infandus
635 2477 656 2512 ,9
692 2479 706 2523 ΙΙ
741 2482 804 2524 41,
829 2483 874 2514 42
915 2480 1033 2515 alieno
1059 2481 1134 2515 loco
1162 2482 1300 2526 positos
1318 2485 1431 2526 putat
1455 2481 1688 2527 Fonteinius,

167 2539 233 2583 qui
255 2549 292 2573 u.
318 2542 362 2572 43
390 2537 451 2572 Sic
468 2547 542 2582 pro
569 2537 641 2572 Sed
666 2539 816 2573 coniecit
899 2542 942 2573 41
982 2539 1117 2574 cesaris
1141 2540 1263 2585 gloria
1286 2544 1332 2586 F,
1357 2552 1448 2576 corr.
1474 2553 1517 2577 m.
1545 2546 1571 2577 2
1596 2543 1688 2587 siqu.

166 2607 291 2642 appas.
310 2597 324 2642 ΙΙ
341 2600 387 2631 44
411 2596 527 2632 flauos
546 2601 575 2631 Β
593 2600 621 2630 1?
649 2598 703 2641 (in
726 2597 792 2632 hoe
810 2609 827 2632 s
845 2609 891 2635 m.
908 2602 934 2634 2
955 2601 1178 2644 suppuneta)
1197 2599 1343 2644 flauo}
1360 2603 1391 2634 V
1418 2600 1423 2647 Ι
1452 2601 1690 2637 chrisolithos

167 2657 200 2688 1
229 2654 415 2690 crisolitos
438 2658 467 2688 1²
498 2655 720 2701 chrysolitos
750 2660 779 2690 D
797 2659 828 2689 V
869 2657 882 2701 fl
924 2661 969 2692 46
1007 2657 1088 2700 Qua
1108 2679 1151 2682 —
1171 2669 1245 2702 qua
1276 2659 1439 2704 Scaliqer
1476 2660 1605 2702 Qui-
1626 2661 1690 2705 qui

169 2712 333 2759 Guyetus
353 2715 359 2758 Ι
379 2714 446 2750 fiat
467 2719 497 2749 Β
515 2717 562 2750 V:
588 2715 654 2750 fiet
677 2718 704 2748 F
722 2718 755 2748 N
779 2717 823 2759 (V
846 2727 893 2750 m.
919 2717 959 2760 2)
979 2717 992 2761 11
1019 2720 1064 2752 48
1089 2717 1230 2762 Iupiter
1251 2721 1279 2751 F
1298 2721 1330 2751 H
1351 2720 1356 2762 j
1378 2719 1538 2765 negligit
1563 2723 1588 2753 0
1614 2722 1688 2764 (ne-

169 2770 241 2816 glit
263 2775 292 2805 r
316 2783 362 2808 m.
387 2773 423 2817 1)
447 2773 523 2818 149
548 2773 712 2808 Vidistin
736 2783 759 2811 ς
779 2775 786 2817 1
806 2775 909 2810 moto
936 2775 1113 2811 Heinsius
1131 2777 1143 2821 ss
1163 2777 1453 2822 5Q(a)etherea,
1479 2779 1531 2812 sic
1557 2781 1581 2811 0
1607 2779 1620 2822 [Ι
1645 2781 1688 2812 51

169 2829 308 2866 fatiunt
329 2833 362 2864 1
391 2831 405 2875 Ι
440 2835 484 2866 52
510 2831 671 2867 fluminis
695 2834 726 2865 V
750 2842 818 2877 my.
843 2843 888 2867 m.
914 2837 958 2877 2;
983 2833 1145 2885 numinis
1170 2835 1227 2870 ira
1252 2836 1351 2871 calet
1376 2836 1422 2871 L.
1452 2837 1656 2871 Muellerus
1678 2836 1691 2882 Η

173 2891 218 2923 53
241 2888 322 2935 ine]
348 2899 429 2924 esse
453 2893 499 2934 r,
524 2901 614 2926 corr.
641 2901 708 2936 my.
734 2902 780 2926 m.
806 2893 849 2935 23
874 2891 954 2937 ipse
978 2895 1008 2926 V
1032 2904 1101 2938 my.
1126 2905 1171 2928 m.
1197 2897 1224 2930 2
1241 2896 1254 2939 u
1272 2899 1317 2930 56
1341 2895 1494 2930 hauster
1516 2898 1546 2928 Β
1566 2897 1597 2928 V

241 2954 453 2982 Pnornrms.
1386 2969 1407 2989 ο
