1898 3190
258 147 343 189 142
702 151 965 193 PROPERTII
989 153 1079 189 LIB.
1105 153 1168 191 III.
1197 157 1250 191 18.
1280 158 1334 191 19.

373 256 456 300 Sed
486 261 635 302 tamen
666 260 746 302 hoc
778 275 944 317 omnes,
976 261 1057 304 hoc
1087 262 1252 317 primus
1285 266 1328 305 et
1358 264 1535 306 ultimus
1566 265 1690 308 ordo:

430 329 513 372 Est
543 331 675 387 mala,
706 331 781 374 sed
813 333 977 375 cunctis
1009 333 1092 376 ista
1121 334 1299 376 terenda
1329 334 1401 376 uia
1431 337 1510 378 est.

371 399 603 444 Exoranda
634 403 753 445 canis
784 404 870 445 tria
901 407 1003 447 sunt
1032 405 1238 447 latrantia
1268 406 1395 461 colla,

431 471 682 516 Scandenda
712 477 778 516 est
807 475 923 518 torui
954 476 1129 530 publica
1160 477 1316 532 cymba
1347 477 1471 520 senis.

311 553 356 584 25
370 542 448 585 Ille
479 544 580 586 licet
610 546 724 588 ferro
757 549 907 588 cautus
939 561 984 588 se
1017 547 1172 589 condat
1203 551 1246 589 et
1277 562 1395 590 aere:

427 614 546 657 Mors
577 618 724 659 tamen
755 618 968 660 inclusum
999 618 1216 673 protrahit
1246 618 1345 660 inde
1377 621 1518 674 caput.

369 684 502 728 Nirea
531 702 622 730 non
652 688 804 744 facies,
835 704 923 732 11011
954 689 1021 731 uis
1054 690 1211 732 exemit
1241 689 1473 746 Achillem,

430 755 637 802 Croesum
669 761 761 815 aut,
792 758 953 802 Pactoli
987 775 1095 815 quas
1126 761 1243 816 parit
1273 761 1448 817 humor,
1479 776 1593 818 opes.

369 827 452 870 Hic
484 829 588 872 olim
620 830 796 886 ignaros
829 831 969 873 luctus
999 832 1225 887 populauit
1255 831 1465 890 Achiuos,

311 910 357 942 30
430 899 608 943 Atridae
640 915 799 958 magno
832 916 929 945 cum
962 903 1084 945 stetit
1115 903 1225 945 alter
1256 918 1388 947 amor.

346 970 429 1020 ,At
460 972 559 1028 tibi,
590 975 741 1029 nauta,
771 973 867 1028 pias
899 974 1123 1017 hominum
1156 975 1229 1031 qui
1259 975 1407 1018 traicis
1440 976 1633 1033 umbras,

1002 1072 1025 1098 *

883 1132 906 1157 *
1120 1132 1157 1167 *t

428 1197 522 1242 Huc
555 1199 722 1241 animae
753 1202 929 1254 portent
960 1214 1114 1255 corpus
1146 1200 1273 1242 inane
1304 1202 1424 1255 tuae,

367 1269 462 1319 Qua
493 1269 660 1313 Siculae
691 1271 831 1314 uictor
861 1271 1028 1314 telluris
1061 1270 1265 1314 Claudius
1297 1275 1341 1314 et
1371 1287 1456 1327 qua

427 1341 587 1384 Caesar
618 1343 673 1385 ab
704 1342 894 1386 humana
925 1343 1055 1385 cessit
1086 1344 1130 1385 in
1162 1346 1278 1386 astra
1309 1344 1416 1387 uice.
1443 1337 1445 1339 ¹

944 1631 1068 1680 XIX.

365 1733 560 1777 Obicitur
590 1735 751 1778 totiens
786 1751 812 1778 a
842 1738 885 1778 te
917 1736 1022 1778 mihi
1053 1712 1204 1778 nostra
1234 1736 1388 1780 libido:

424 1804 558 1848 Crede
587 1806 714 1862 mihi,
746 1807 869 1849 uobis
900 1807 1087 1862 imperat
1117 1807 1201 1849 ista
1231 1807 1384 1863 magis.

364 1875 472 1932 Vos,
504 1877 579 1919 ubi
610 1878 847 1933 contempti
878 1879 1054 1934 rupistis
1085 1878 1210 1920 frena
1239 1879 1434 1935 pudoris,

422 1947 610 1991 Nescitis
643 1952 793 2005 captae
824 1949 980 1992 mentis
1010 1949 1170 1992 habere
1201 1950 1388 1992 modum.

340 2113 429 2149 VAR.
456 2128 553 2150 macr,
617 2118 661 2148 21
699 2114 771 2149 1100
797 2125 943 2159 omnes,
974 2115 1046 2150 1100
1071 2115 1162 2159 (scil.
1194 2113 1364 2154 facimus)
1390 2113 1667 2152 Lachmannus:
1699 2116 1770 2151 1100

243 2183 372 2208 omnes
397 2174 470 2210 huc
496 2177 521 2208 0
547 2174 620 2209 11110
646 2174 716 2218 (ita
740 2177 767 2207 Ε
791 2185 836 2209 m.
863 2174 904 2219 2)
930 2184 1075 2219 omnes,
1106 2174 1180 2209 huc
1205 2174 1334 2220 1011190,
1365 2184 1435 2218 quo
1465 2177 1609 2210 seruato
1634 2173 1769 2210 Tendi-

242 2244 324 2267 mus
344 2242 416 2277 pro
442 2232 515 2267 Sed
539 2233 665 2268 tamen
689 2233 868 2268 Heinsius
903 2235 916 2278 ΙΙ
953 2238 997 2269 22
1034 2233 1198 2269 tenenda
1221 2237 1249 2267 Ε
1274 2245 1318 2270 m.
1344 2237 1365 2269 1
1399 2235 1446 2280 (et
1478 2235 1532 2270 ita
1545 2237 1583 2271 (D
1608 2244 1677 2279 1119.
1695 2243 1769 2278 pro

241 2302 323 2326 παν.
350 2292 443 2336 lect.)
479 2293 491 2336 ΙΙ
527 2295 574 2326 24
598 2291 697 2327 torui
722 2295 749 2325 Ε
774 2304 842 2338 my.
870 2304 913 2327 m.
940 2296 984 2336 2,
1009 2294 1039 2324 V
1071 2293 1127 2328 ita
1164 2296 1205 2327 ut
1229 2293 1267 2327 ui
1292 2304 1336 2328 ea:
1361 2303 1452 2328 corr.
1477 2294 1543 2329 sit:
1578 2292 1670 2328 torti
1693 2296 1722 2326 1)
1741 2295 1768 2326 Ε

240 2351 336 2386 troci
360 2353 392 2385 R
414 2350 419 2397 Ι
442 2350 566 2386 cimba
589 2355 616 2385 Ε
635 2351 648 2396 ΙΙ
666 2355 710 2386 25
737 2351 825 2386 here
849 2355 876 2385 Ε
906 2352 919 2396 ΙΙ
950 2356 994 2387 26
1019 2352 1143 2388 Nerea
1169 2355 1194 2386 0
1218 2354 1231 2397 ΙΙ
1258 2356 1303 2388 28
1329 2351 1481 2388 Cresum
1505 2355 1532 2386 Ε
1550 2354 1583 2386 11
1603 2352 1610 2397 Ι
1629 2350 1769 2397 pattoli
1803 2380 1808 2382 .

240 2413 267 2443 Ε
290 2410 432 2457 [parit]
458 2410 596 2455 premit
613 2414 640 2444 Ε
667 2412 712 2454 (et
730 2415 759 2444 D
784 2421 853 2456 1119.
873 2421 946 2455 pro
970 2422 1052 2446 aar.
1079 2412 1171 2456 leet.)
1189 2412 1202 2456 ΙΙ
1220 2415 1265 2447 29
1291 2414 1324 2446 et
1348 2415 1394 2446 30
1419 2411 1508 2456 quid
1531 2411 1590 2446 hic
1613 2411 1685 2446 sibi
1707 2420 1768 2446 ue-

241 2470 327 2514 lint,
353 2473 395 2504 ut
419 2470 495 2504 iam
515 2470 675 2514 priores,
705 2470 759 2505 sie
790 2481 902 2515 neque
925 2480 987 2516 eqo
1011 2471 1193 2516 intelleym
1224 2472 1378 2515 fortasse
1405 2474 1488 2516 post
1511 2474 1533 2506 8
1553 2470 1766 2516 parenthesi

240 2529 424 2563 inserendi
451 2530 463 2574 ΙΙ
494 2532 540 2564 30
566 2528 678 2575 alter]
705 2528 803 2564 altus
827 2528 1091 2565 Lachmannus
1113 2530 1117 2574 Ι
1139 2530 1270 2566 hamor
1296 2531 1334 2576 (a
1357 2541 1402 2565 ca:
1426 2542 1451 2565 u
1475 2530 1581 2575 corr.)
1605 2532 1632 2563 Ε
1650 2529 1665 2574 {l
1684 2532 1767 2574 post

241 2592 285 2622 31
307 2588 460 2623 lacunae
478 2588 586 2632 siqna
601 2588 729 2632 posui3
754 2588 802 2624 At
820 2588 863 2622 tu
875 2588 1146 2633 Burmannus‚·
1159 2589 1245 2624 dein
1263 2588 1343 2624 Duc
1362 2589 1526 2633 animae,
1550 2587 1766 2630 Porthmeu,

241 2658 272 2683 0.
296 2646 321 2682 1.
348 2657 435 2681 suae
461 2646 640 2682 Heinsius
664 2646 746 2681 Huc
772 2646 918 2682 animae
942 2648 1068 2692 portes
1094 2658 1124 2683 0.
1150 2647 1174 2682 i.
1200 2658 1287 2683 suae
1308 2647 1560 2684 Marklandus
1582 2647 1664 2682 Hoc
1687 2647 1765 2682 ani-

240 2717 323 2742 mae
348 2706 498 2752 portent
522 2717 553 2741 0.
579 2705 592 2740 1
618 2716 704 2741 suae
730 2706 992 2742 Lachmannus
1010 2707 1022 2751 ss
1041 2711 1086 2741 34
1112 2706 1194 2742 uice
1218 2707 1365 2752 scripsi:
1391 2706 1456 2743 uia
1479 2709 1504 2740 0

334 2777 429 2813 XIX.
479 2777 593 2812 Noua
617 2777 729 2822 eleyia
753 2788 835 2813 cum
859 2778 966 2813 titulo
991 2778 1036 2813 de
1061 2777 1333 2814 incontinentia
1355 2776 1553 2812 mulierum
1575 2777 1618 2812 in
1643 2779 1669 2812 0
1698 2777 1712 2822 fl
1742 2780 1763 2811 2

239 2836 346 2872 uobis
371 2847 416 2872 eoe
441 2835 546 2872 nobis
573 2847 663 2872 corr.
690 2840 717 2870 Ε
739 2836 744 2882 Ι
766 2836 834 2872 illa
853 2839 883 2870 V
909 2839 955 2882 (et
978 2841 1006 2871 D
1027 2848 1095 2882 1119.
1117 2848 1189 2882 pro
1207 2849 1290 2873 war.
1311 2838 1384 2872 lect.
1406 2837 1419 2882 ΙΙ
1436 2840 1459 2871 4
1479 2836 1628 2882 captae]
1646 2835 1764 2872 libere

238 2899 281 2940 Ε;
307 2897 432 2931 malim
457 2897 586 2941 raptae
