1898 3190
0 2434 24 2469 1

661 175 923 212 PROPERTII
946 176 1036 212 LIB.
1061 177 1107 212 ΙΙ.
1134 179 1189 212 13.
1619 174 1676 217 57

851 358 981 406 XIH.

273 460 375 504 Non
405 463 475 504 tot
504 461 807 505 Achaemeniis
838 464 1062 505 armantur
1091 461 1213 505 Itura
1244 462 1437 518 sagittis,

334 531 509 588 Spicula
540 536 647 589 quot
676 535 824 576 nostro
854 535 1027 589 pectore
1058 534 1151 575 fixit
1180 533 1328 576 Amor.

273 603 358 646 Hic
388 618 456 646 me
487 607 579 646 tam
611 604 794 661 graciles
825 605 965 647 uetuit
995 607 1267 647 contemnere
1298 604 1468 659 Musas,
1540 619 1550 627 ·

311 675 467 723 *Iussit
497 681 540 717 et
570 675 808 718 Ascraeum
839 675 900 718 sic
930 676 1131 718 habitare
1160 690 1331 730 nemus,

241 757 263 788 5
276 745 379 789 Non
407 748 456 788 ut
486 745 653 789 Pieriae
685 761 865 802 quercus
896 762 991 789 mea
1022 747 1154 790 uerba
1185 748 1437 802 sequantur,

332 817 423 859 Aut
452 817 617 873 possim
647 817 831 860 Ismaria
862 818 1015 861 ducere
1046 819 1158 862 ualle
1189 819 1320 870 feras,

275 888 358 931 Sed
390 890 530 945 magis
562 892 610 931 ut
639 891 790 932 nostro
822 891 1026 944 stupefiat
1056 888 1245 945 Cynthia
1275 904 1421 932 uersu:

334 959 455 1003 Tunc
487 973 568 1015 ego
600 959 682 1002 sim
712 959 889 1002 Inachio
920 960 1065 1003 notior
1096 963 1188 1002 arte
1220 960 1340 1003 Lino.

273 1031 375 1074 Non
406 1045 486 1088 ego
519 1046 614 1074 sum
644 1031 810 1074 formae
840 1034 1010 1074 tantum
1041 1032 1221 1075 mirator
1252 1032 1477 1086 honestae,

218 1115 261 1147 10
335 1102 424 1145 Nec
456 1102 493 1144 si
526 1117 612 1158 qua
641 1102 833 1144 illustres
864 1102 1028 1145 femina
1057 1103 1192 1146 iactat
1224 1118 1347 1146 auos:

273 1174 343 1216 Me
374 1174 495 1216 iuuet
524 1173 570 1215 in
602 1174 766 1231 gremio
797 1175 949 1217 doctae
979 1174 1138 1230 legisse
1169 1175 1356 1230 puellae,

333 1245 526 1287 Auribus
557 1247 601 1287 et
629 1245 750 1300 puris
782 1245 943 1300 scripta
972 1246 1180 1301 probasse
1212 1261 1319 1288 mea.

274 1316 394 1360 Haec
422 1316 499 1359 ubi
530 1316 807 1372 contigerint,
838 1317 989 1372 populi
1020 1317 1198 1360 confusa
1229 1317 1371 1360 ualeto

332 1387 515 1431 Fabula:
546 1402 647 1429 nam
677 1387 852 1430 'domina
882 1388 1018 1430 iudice
1050 1391 1171 1431 tutus
1203 1403 1287 1431 ero.

217 1469 261 1502 15
275 1459 393 1510 Quae
425 1458 463 1500 si
492 1457 606 1500 forte
636 1458 771 1501 bonas
803 1458 856 1501 ad
887 1474 1035 1514 pacem
1066 1460 1246 1502 uerterit
1276 1475 1419 1515 aures,

333 1530 517 1583 Possum
546 1529 798 1572 inimicitias
830 1532 932 1572 tunc
963 1544 1044 1586 ego
1075 1531 1188 1573 ferre
1219 1531 1349 1574 Iouis.

906 1639 930 1664 *

788 1698 811 1722 *
1024 1698 1047 1722 *

276 1779 639 1834 Quandocumque
671 1778 805 1834 igitur
834 1779 1010 1820 nostros
1042 1793 1159 1820 mors
1191 1779 1357 1821 claudet
1389 1779 1568 1834 ocellos,

334 1850 495 1904 Accipe
526 1864 634 1905 quae
666 1862 811 1891 serues
842 1848 1006 1891 funeris
1038 1851 1134 1891 acta
1165 1850 1262 1892 mei.

275 1920 343 1963 Ne
374 1935 471 1963 mea
499 1922 603 1962 tunc
632 1920 765 1975 longa
796 1919 1008 1974 spatietur
1038 1917 1226 1975 imagifle
1258 1936 1435 1976 pompa,

217 2002 263 2034 20
335 1989 427 2033 Nec
455 1990 562 2032 tuba
591 1990 650 2032 sit
678 1989 756 2032 fati
788 2005 901 2032 uana
933 1990 1122 2045 querella
1152 1991 1255 2046 mei,

276 2060 368 2104 Nec
397 2061 504 2103 mihi
532 2063 635 2103 tunc
665 2061 801 2104 fulcro
833 2063 1050 2103 sternatur
1080 2062 1217 2105 lectus
1249 2063 1430 2118 eburno,

335 2131 426 2176 Nec
458 2134 517 2176 sit
545 2134 593 2176 in
623 2133 814 2176 Attalico
846 2147 972 2202 mors⁴
994 2148 1090 2176 mea
1119 2135 1220 2176 nixa
1250 2137 1367 2190 t0r03

253 2320 344 2357 Vm.
370 2334 469 2356 mer.
518 2321 615 2356 XIII.
664 2321 778 2356 Noua
801 2321 915 2366 eleyia
938 2332 1018 2357 cum
1042 2322 1150 2358 titulo
1174 2322 1220 2358 de
1245 2333 1371 2358 amore
1397 2324 1438 2358 in
1458 2326 1484 2357 0
1502 2324 1516 2369 ῃ
1536 2327 1554 2358 1
1580 2322 1681 2359 achi-

160 2379 294 2417 meniis
319 2383 344 2415 ο
378 2382 384 2424 Ι
422 2381 587 2415 armatur
610 2383 642 2414 K
679 2382 686 2423 1
724 2380 826 2416 Itura
853 2380 1062 2416 Pontanus:
1090 2383 1235 2417 etrusca
1259 2385 1284 2416 0
1311 2382 1403 2418 Susa
1428 2383 1524 2417 Itali
1547 2381 1684 2418 Bactra

163 2440 444 2485 Oudendmpius
457 2440 576 2475 Atusa
588 2439 805 2487 Ellisius114
825 2441 864 2476 et
880 2451 947 2475 om.
966 2444 994 2474 r
1012 2452 1057 2476 m.
1078 2444 1099 2475 1
1138 2444 1159 2476 5
1178 2442 1236 2486 ut]
1255 2452 1301 2477 ne
1314 2442 1367 2487 1)ξῖ
1382 2446 1403 2477 6
1422 2441 1641 2477 hismarian
1655 2445 1682 2475 r

159 2499 349 2546 hynmaria
372 2502 403 2533 V
425 2498 623 2543 hismarias
646 2501 678 2532 R
695 2499 709 2543 Ε
727 2501 748 2532 8
786 2499 953 2546 Inachio]
986 2500 1105 2536 Aonio
1136 2501 1245 2546 Alph.
1272 2501 1457 2536 Heckerus
1486 2512 1608 2537 comm.
1639 2502 1683 2536 de

161 2559 275 2594 Anth.
301 2558 428 2594 Graec.
451 2570 488 2603 p.
516 2561 560 2593 59
591 2558 604 2603 Ι]
636 2561 677 2592 11
705 2557 782 2604 Me]
809 2558 890 2594 Non
915 2561 946 2592 V
970 2571 1038 2604 my.
1063 2571 1108 2594 m.
1135 2563 1162 2595 2
1184 2561 1190 2604 Ι
1211 2560 1316 2595 iuuat
1340 2571 1363 2598 ς
1392 2562 1405 2605 ΙΙ
1438 2564 1479 2595 12
1506 2560 1608 2606 puris
1634 2565 1680 2596 D:

161 2617 285 2664 puetis
308 2621 337 2652 r
354 2620 387 2651 11
404 2619 446 2661 V,
471 2620 504 2652 et
527 2621 556 2651 D
581 2628 649 2662 my.
670 2628 743 2662 pro
760 2628 842 2652 aar.
862 2618 937 2653 lect.
956 2619 970 2663 ΙΙ
991 2622 1032 2653 13
1058 2618 1294 2663 confugerint
1312 2622 1340 2653 P
1365 2631 1409 2655 m.
1434 2623 1456 2654 1
1484 2618 1683 2664 contigerit

160 2681 208 2722 D,
231 2678 263 2711 V
286 2688 332 2712 m.
358 2679 398 2720 13
429 2676 509 2712 Hoc
542 2675 606 2711 ubi
637 2675 835 2721 contigerit
859 2676 1057 2712 Santenius
1092 2679 1106 2721 Ι
1143 2681 1185 2712 15
1212 2677 1318 2720 Quod
1342 2682 1381 2722 P,
1406 2682 1439 2713 et
1462 2683 1491 2712 D
1522 2690 1589 2724 my.
1613 2689 1683 2723 pro

161 2747 243 2772 aar.
270 2736 344 2771 lect.
370 2737 385 2781 Ι
409 2739 454 2771 16
479 2739 512 2770 et
538 2740 580 2771 17
607 2736 794 2771 cohaerent
817 2736 859 2771 in
884 2738 926 2780 0;
957 2737 1097 2771 hiatum
1128 2747 1308 2781 aynouere
1332 2737 1626 2772 Hemsterhusius
1650 2741 1683 2772 et

162 2793 388 2831 Schraderus
404 2795 418 2840 Ι
437 2798 481 2830 17
505 2794 621 2840 111018]
648 2805 719 2829 nox
744 2794 835 2829 coni.
861 2794 1070 2840 Heinsiusn
1090 2798 1133 2830 19
1157 2794 1215 2830 Ne
1239 2795 1496 2830 Burmannus:
1523 2795 1600 2831 Nec
1626 2799 1651 2829 0
1674 2796 1678 2842 4

162 2852 349 2899 spacietur
372 2857 400 2890 D
419 2855 476 2899 ’71
502 2865 625 2899 ymag.
651 2856 678 2886 P
707 2854 721 2898 fl
750 2857 795 2888 20
820 2853 972 2899 querela
997 2857 1022 2887 0
1052 2855 1065 2899 ΙΙ
1095 2858 1139 2888 22
1167 2853 1268 2900 nixa]
1295 2853 1400 2890 iuxta
1424 2858 1466 2899 12,
1493 2866 1584 2890 corr.
1610 2866 1678 2902 my.

163 2923 208 2948 m.
234 2916 261 2949 2
301 2932 304 2934 ·
