<?xml version="1.0" encoding="UTF-8"?>
<!DOCTYPE html PUBLIC "-//W3C//DTD XHTML 1.0 Transitional//EN"
    "http://www.w3.org/TR/xhtml1/DTD/xhtml1-transitional.dtd">
<html xmlns="http://www.w3.org/1999/xhtml" xml:lang="en" lang="en">
 <head>
  <title>
</title>
<meta http-equiv="Content-Type" content="text/html;charset=utf-8" />
  <meta name='ocr-system' content='tesseract 3.04.00' />
  <meta name='ocr-capabilities' content='ocr_page ocr_carea ocr_par ocr_line ocrx_word'/>
</head>
<body>
  <div class='ocr_page' id='page_1' title='image "./elegiarumlibrir00propuoft_0058.png"; bbox 0 0 1898 3190; ppageno 0'>
   <div class='ocr_carea' id='block_1_1' title="bbox 238 200 1192 238">
    <p class='ocr_par' dir='ltr' id='par_1_1' title="bbox 238 200 1192 238">
     <span class='ocr_line' id='line_1_1' title="bbox 238 200 1192 238; baseline -0.001 0"><span class='ocrx_word' id='word_1_1' title='bbox 238 202 304 238; x_wconf 88' lang='lat' dir='ltr'>LII</span> <span class='ocrx_word' id='word_1_2' title='bbox 813 200 1192 238; x_wconf 78' lang='lat' dir='ltr'><strong>PROLEGOMENA.</strong></span> 
     </span>
    </p>
   </div>
   <div class='ocr_carea' id='block_1_2' title="bbox 236 309 1763 1278">
    <p class='ocr_par' dir='ltr' id='par_1_2' title="bbox 238 309 1763 936">
     <span class='ocr_line' id='line_1_2' title="bbox 239 309 1763 366; baseline 0 -13"><span class='ocrx_word' id='word_1_3' title='bbox 239 311 350 353; x_wconf 90' lang='lat' dir='ltr'>unde</span> <span class='ocrx_word' id='word_1_4' title='bbox 380 313 503 366; x_wconf 83' lang='lat' dir='ltr'>patet</span> <span class='ocrx_word' id='word_1_5' title='bbox 533 326 573 353; x_wconf 89' lang='lat' dir='ltr'>u.</span> <span class='ocrx_word' id='word_1_6' title='bbox 599 311 655 353; x_wconf 82' lang='lat'>23</span> <span class='ocrx_word' id='word_1_7' title='bbox 687 310 977 353; x_wconf 89' lang='lat' dir='ltr'>reuocandum</span> <span class='ocrx_word' id='word_1_8' title='bbox 1009 324 1102 353; x_wconf 87' lang='lat' dir='ltr'>esse</span> <span class='ocrx_word' id='word_1_9' title='bbox 1135 309 1286 353; x_wconf 69' lang='lat' dir='ltr'>‘unum</span> <span class='ocrx_word' id='word_1_10' title='bbox 1313 311 1564 354; x_wconf 86' lang='lat' dir='ltr'>contentum</span> <span class='ocrx_word' id='word_1_11' title='bbox 1602 309 1763 366; x_wconf 87' lang='lat' dir='ltr'>pudeat</span> 
     </span>
     <span class='ocr_line' id='line_1_3' title="bbox 239 381 1762 438; baseline 0.001 -15"><span class='ocrx_word' id='word_1_12' title='bbox 239 397 308 424; x_wconf 90' lang='lat' dir='ltr'>me</span> <span class='ocrx_word' id='word_1_13' title='bbox 338 382 484 424; x_wconf 91' lang='lat' dir='ltr'>uiuere</span> <span class='ocrx_word' id='word_1_14' title='bbox 517 381 711 424; x_wconf 86' lang='lat' dir='ltr'>amica?&#39;</span> <span class='ocrx_word' id='word_1_15' title='bbox 743 382 949 424; x_wconf 92' lang='lat' dir='ltr'>nimirum</span> <span class='ocrx_word' id='word_1_16' title='bbox 979 383 1054 424; x_wconf 88' lang='lat' dir='ltr'>aut</span> <span class='ocrx_word' id='word_1_17' title='bbox 1084 396 1164 438; x_wconf 91' lang='lat' dir='ltr'>ego</span> <span class='ocrx_word' id='word_1_18' title='bbox 1195 381 1326 424; x_wconf 88' lang='lat' dir='ltr'>fallor</span> <span class='ocrx_word' id='word_1_19' title='bbox 1351 383 1427 423; x_wconf 89' lang='lat' dir='ltr'>aut</span> <span class='ocrx_word' id='word_1_20' title='bbox 1443 381 1634 438; x_wconf 86' lang='lat' dir='ltr'>Augusti</span> <span class='ocrx_word' id='word_1_21' title='bbox 1664 396 1762 425; x_wconf 88' lang='lat' dir='ltr'>con-</span> 
     </span>
     <span class='ocr_line' id='line_1_4' title="bbox 239 451 1762 509; baseline 0.001 -14"><span class='ocrx_word' id='word_1_22' title='bbox 239 453 339 495; x_wconf 92' lang='lat' dir='ltr'>silia</span> <span class='ocrx_word' id='word_1_23' title='bbox 381 452 491 509; x_wconf 87' lang='lat' dir='ltr'>legis</span> <span class='ocrx_word' id='word_1_24' title='bbox 535 453 727 508; x_wconf 87' lang='lat' dir='ltr'>perlatae</span> <span class='ocrx_word' id='word_1_25' title='bbox 773 453 1003 495; x_wconf 88' lang='lat' dir='ltr'>seueritate</span> <span class='ocrx_word' id='word_1_26' title='bbox 1040 452 1231 495; x_wconf 90' lang='lat' dir='ltr'>nondum</span> <span class='ocrx_word' id='word_1_27' title='bbox 1266 452 1378 494; x_wconf 89' lang='lat' dir='ltr'>fulta</span> <span class='ocrx_word' id='word_1_28' title='bbox 1409 451 1596 495; x_wconf 84' lang='lat' dir='ltr'>adiuturi</span> <span class='ocrx_word' id='word_1_29' title='bbox 1635 453 1762 496; x_wconf 90' lang='lat' dir='ltr'>amici</span> 
     </span>
     <span class='ocr_line' id='line_1_5' title="bbox 238 523 1762 580; baseline -0.001 -14"><span class='ocrx_word' id='word_1_30' title='bbox 238 524 412 579; x_wconf 88' lang='lat' dir='ltr'>quidam</span> <span class='ocrx_word' id='word_1_31' title='bbox 451 526 759 580; x_wconf 71' lang='lat' dir='ltr'>suggesserant</span> <span class='ocrx_word' id='word_1_32' title='bbox 795 523 1040 579; x_wconf 71' lang='lat' dir='ltr'>Propertio,</span> <span class='ocrx_word' id='word_1_33' title='bbox 1081 538 1209 580; x_wconf 89' lang='lat' dir='ltr'>quam</span> <span class='ocrx_word' id='word_1_34' title='bbox 1246 538 1399 579; x_wconf 88' lang='lat' dir='ltr'>parum</span> <span class='ocrx_word' id='word_1_35' title='bbox 1437 537 1533 565; x_wconf 91' lang='lat' dir='ltr'>eum</span> <span class='ocrx_word' id='word_1_36' title='bbox 1565 523 1762 566; x_wconf 75' lang='lat' dir='ltr'>decerent</span> 
     </span>
     <span class='ocr_line' id='line_1_6' title="bbox 239 595 1761 651; baseline -0.001 -13"><span class='ocrx_word' id='word_1_37' title='bbox 239 596 424 638; x_wconf 91' lang='lat' dir='ltr'>conubia</span> <span class='ocrx_word' id='word_1_38' title='bbox 448 596 534 638; x_wconf 77' lang='lat' dir='ltr'>ista</span> <span class='ocrx_word' id='word_1_39' title='bbox 557 597 691 651; x_wconf 89' lang='lat' dir='ltr'>utque</span> <span class='ocrx_word' id='word_1_40' title='bbox 715 595 958 651; x_wconf 86' lang='lat' dir='ltr'>legitimam</span> <span class='ocrx_word' id='word_1_41' title='bbox 977 596 1150 638; x_wconf 89' lang='lat' dir='ltr'>duceret</span> <span class='ocrx_word' id='word_1_42' title='bbox 1173 609 1363 649; x_wconf 86' lang='lat' dir='ltr'>uxorem,</span> <span class='ocrx_word' id='word_1_43' title='bbox 1388 609 1484 637; x_wconf 91' lang='lat' dir='ltr'>cum</span> <span class='ocrx_word' id='word_1_44' title='bbox 1507 595 1761 649; x_wconf 85' lang='lat' dir='ltr'>praesertim</span> 
     </span>
     <span class='ocr_line' id='line_1_7' title="bbox 238 665 1760 709; baseline 0 -1"><span class='ocrx_word' id='word_1_45' title='bbox 238 667 325 708; x_wconf 89' lang='lat' dir='ltr'>iam</span> <span class='ocrx_word' id='word_1_46' title='bbox 358 667 474 709; x_wconf 85' lang='lat' dir='ltr'>solus</span> <span class='ocrx_word' id='word_1_47' title='bbox 508 681 559 708; x_wconf 89' lang='lat' dir='ltr'>ex</span> <span class='ocrx_word' id='word_1_48' title='bbox 589 665 854 708; x_wconf 83' lang='lat' dir='ltr'>Maecenatis</span> <span class='ocrx_word' id='word_1_49' title='bbox 886 666 1172 708; x_wconf 86' lang='lat' dir='ltr'>familiaribus</span> <span class='ocrx_word' id='word_1_50' title='bbox 1203 666 1282 707; x_wconf 82' lang='lat' dir='ltr'>t&#39;ali</span> <span class='ocrx_word' id='word_1_51' title='bbox 1311 666 1480 708; x_wconf 85' lang='lat' dir='ltr'>uiueret</span> <span class='ocrx_word' id='word_1_52' title='bbox 1509 665 1760 709; x_wconf 88' lang='lat' dir='ltr'>condicione</span> 
     </span>
     <span class='ocr_line' id='line_1_8' title="bbox 238 737 1762 794; baseline 0 -14"><span class='ocrx_word' id='word_1_53' title='bbox 238 740 433 794; x_wconf 62' lang='lat' dir='ltr'>quaeque</span> <span class='ocrx_word' id='word_1_54' title='bbox 463 740 563 780; x_wconf 86' lang='lat' dir='ltr'>sunt</span> <span class='ocrx_word' id='word_1_55' title='bbox 594 738 840 780; x_wconf 89' lang='lat' dir='ltr'>huiusmodi</span> <span class='ocrx_word' id='word_1_56' title='bbox 872 738 1044 780; x_wconf 85' lang='lat' dir='ltr'>similia.</span> <span class='ocrx_word' id='word_1_57' title='bbox 1100 751 1209 792; x_wconf 90' lang='lat' dir='ltr'>quae</span> <span class='ocrx_word' id='word_1_58' title='bbox 1241 739 1471 793; x_wconf 87' lang='lat' dir='ltr'>utcumque</span> <span class='ocrx_word' id='word_1_59' title='bbox 1503 750 1548 779; x_wconf 89' lang='lat' dir='ltr'>se</span> <span class='ocrx_word' id='word_1_60' title='bbox 1587 737 1762 792; x_wconf 89' lang='lat' dir='ltr'>habent,</span> 
     </span>
     <span class='ocr_line' id='line_1_9' title="bbox 238 808 1758 865; baseline 0 -14"><span class='ocrx_word' id='word_1_61' title='bbox 238 810 280 851; x_wconf 85' lang='lat' dir='ltr'>id</span> <span class='ocrx_word' id='word_1_62' title='bbox 313 809 485 865; x_wconf 90' lang='lat' dir='ltr'>quidem</span> <span class='ocrx_word' id='word_1_63' title='bbox 516 809 603 851; x_wconf 91' lang='lat' dir='ltr'>iam</span> <span class='ocrx_word' id='word_1_64' title='bbox 637 811 758 850; x_wconf 83' lang='lat' dir='ltr'>extra</span> <span class='ocrx_word' id='word_1_65' title='bbox 790 808 1107 851; x_wconf 86' lang='lat' dir='ltr'>dubitationem</span> <span class='ocrx_word' id='word_1_66' title='bbox 1139 810 1206 850; x_wconf 87' lang='lat' dir='ltr'>est</span> <span class='ocrx_word' id='word_1_67' title='bbox 1234 808 1423 863; x_wconf 87' lang='lat' dir='ltr'>positum</span> <span class='ocrx_word' id='word_1_68' title='bbox 1454 822 1628 851; x_wconf 88' lang='lat' dir='ltr'>carmen</span> <span class='ocrx_word' id='word_1_69' title='bbox 1656 808 1701 851; x_wconf 96' lang='lat' dir='ltr'>II</span> <span class='ocrx_word' id='word_1_70' title='bbox 1734 809 1758 851; x_wconf 85' lang='lat'><strong>7</strong></span> 
     </span>
     <span class='ocr_line' id='line_1_10' title="bbox 238 879 1761 936; baseline -0.001 -14"><span class='ocrx_word' id='word_1_71' title='bbox 238 880 450 936; x_wconf 85' lang='lat' dir='ltr'>temporis</span> <span class='ocrx_word' id='word_1_72' title='bbox 472 894 639 935; x_wconf 89' lang='lat' dir='ltr'>quoque</span> <span class='ocrx_word' id='word_1_73' title='bbox 658 880 827 922; x_wconf 88' lang='lat' dir='ltr'>ratione</span> <span class='ocrx_word' id='word_1_74' title='bbox 851 880 1002 922; x_wconf 87' lang='lat' dir='ltr'>habita</span> <span class='ocrx_word' id='word_1_75' title='bbox 1032 880 1144 922; x_wconf 88' lang='lat' dir='ltr'>libro</span> <span class='ocrx_word' id='word_1_76' title='bbox 1176 879 1304 922; x_wconf 89' lang='lat' dir='ltr'>tertio</span> <span class='ocrx_word' id='word_1_77' title='bbox 1334 879 1638 922; x_wconf 86' lang='lat' dir='ltr'>uindicandum</span> <span class='ocrx_word' id='word_1_78' title='bbox 1656 893 1761 922; x_wconf 87' lang='lat' dir='ltr'>esse.</span> 
     </span>
    </p>

    <p class='ocr_par' dir='ltr' id='par_1_3' title="bbox 236 951 1761 1278">
     <span class='ocr_line' id='line_1_11' title="bbox 354 951 1761 1007; baseline -0.001 -14"><span class='ocrx_word' id='word_1_79' title='bbox 354 951 414 993; x_wconf 86' lang='lat' dir='ltr'>Et</span> <span class='ocrx_word' id='word_1_80' title='bbox 450 951 557 993; x_wconf 87' lang='lat' dir='ltr'>haec</span> <span class='ocrx_word' id='word_1_81' title='bbox 595 951 768 1007; x_wconf 89' lang='lat' dir='ltr'>quidem</span> <span class='ocrx_word' id='word_1_82' title='bbox 804 951 1025 993; x_wconf 87' lang='lat' dir='ltr'>hactenus.</span> <span class='ocrx_word' id='word_1_83' title='bbox 1081 951 1277 1007; x_wconf 81' lang='lat' dir='ltr'>quamuis</span> <span class='ocrx_word' id='word_1_84' title='bbox 1319 951 1433 992; x_wconf 90' lang='lat' dir='ltr'>enim</span> <span class='ocrx_word' id='word_1_85' title='bbox 1473 965 1582 1006; x_wconf 84' lang='lat' dir='ltr'>quae</span> <span class='ocrx_word' id='word_1_86' title='bbox 1621 952 1761 993; x_wconf 85' lang='lat' dir='ltr'>restat</span> 
     </span>
     <span class='ocr_line' id='line_1_12' title="bbox 238 1021 1761 1079; baseline 0.001 -15"><span class='ocrx_word' id='word_1_87' title='bbox 238 1023 437 1079; x_wconf 89' lang='lat' dir='ltr'>grauium</span> <span class='ocrx_word' id='word_1_88' title='bbox 469 1022 772 1078; x_wconf 90' lang='lat' dir='ltr'>quaestionum</span> <span class='ocrx_word' id='word_1_89' title='bbox 804 1022 857 1064; x_wconf 89' lang='lat' dir='ltr'>ad</span> <span class='ocrx_word' id='word_1_90' title='bbox 883 1022 1158 1077; x_wconf 86' lang='lat' dir='ltr'>Propertium</span> <span class='ocrx_word' id='word_1_91' title='bbox 1189 1021 1497 1077; x_wconf 76' lang='lat' dir='ltr'>pertinentium</span> <span class='ocrx_word' id='word_1_92' title='bbox 1529 1021 1761 1066; x_wconf 89' lang='lat' dir='ltr'>multitudo</span> 
     </span>
     <span class='ocr_line' id='line_1_13' title="bbox 238 1093 1760 1150; baseline -0.001 -14"><span class='ocrx_word' id='word_1_93' title='bbox 238 1094 364 1150; x_wconf 87' lang='lat' dir='ltr'>quasi</span> <span class='ocrx_word' id='word_1_94' title='bbox 402 1094 561 1136; x_wconf 86' lang='lat' dir='ltr'>inuitet</span> <span class='ocrx_word' id='word_1_95' title='bbox 599 1094 652 1136; x_wconf 91' lang='lat' dir='ltr'>ad</span> <span class='ocrx_word' id='word_1_96' title='bbox 690 1108 861 1136; x_wconf 88' lang='lat' dir='ltr'>cursum</span> <span class='ocrx_word' id='word_1_97' title='bbox 898 1094 1148 1136; x_wconf 88' lang='lat' dir='ltr'>institutum</span> <span class='ocrx_word' id='word_1_98' title='bbox 1184 1093 1541 1149; x_wconf 89' lang='lat' dir='ltr'>persequendum,</span> <span class='ocrx_word' id='word_1_99' title='bbox 1580 1107 1659 1135; x_wconf 83' lang='lat' dir='ltr'>nos</span> <span class='ocrx_word' id='word_1_100' title='bbox 1695 1095 1760 1135; x_wconf 86' lang='lat' dir='ltr'>ta-</span> 
     </span>
     <span class='ocr_line' id='line_1_14' title="bbox 239 1164 1761 1226; baseline -0.001 -19"><span class='ocrx_word' id='word_1_101' title='bbox 239 1180 335 1208; x_wconf 91' lang='lat' dir='ltr'>men</span> <span class='ocrx_word' id='word_1_102' title='bbox 370 1179 482 1207; x_wconf 88' lang='lat' dir='ltr'>nunc</span> <span class='ocrx_word' id='word_1_103' title='bbox 514 1165 611 1207; x_wconf 88' lang='lat' dir='ltr'>uela</span> <span class='ocrx_word' id='word_1_104' title='bbox 642 1164 936 1207; x_wconf 87' lang='lat' dir='ltr'>contrahimus</span> <span class='ocrx_word' id='word_1_105' title='bbox 970 1164 1197 1226; x_wconf 46' lang='lat' dir='ltr'>litoreque¹</span> <span class='ocrx_word' id='word_1_106' title='bbox 1212 1166 1363 1224; x_wconf 80' lang='lat' dir='ltr'>optato</span> <span class='ocrx_word' id='word_1_107' title='bbox 1394 1164 1526 1219; x_wconf 88' lang='lat' dir='ltr'>potiti</span> <span class='ocrx_word' id='word_1_108' title='bbox 1558 1178 1761 1207; x_wconf 84' lang='lat' dir='ltr'>ancoram</span> 
     </span>
     <span class='ocr_line' id='line_1_15' title="bbox 236 1243 1409 1278; baseline -0.001 0"><span class='ocrx_word' id='word_1_109' title='bbox 236 1251 430 1278; x_wconf 78' lang='lat' dir='ltr'>lacimus.</span> <span class='ocrx_word' id='word_1_110' title='bbox 1194 1245 1356 1268; x_wconf 50' lang='lat' dir='ltr'>⁹¹-w0‘=‘2</span> <span class='ocrx_word' id='word_1_111' title='bbox 1396 1243 1409 1271; x_wconf 61' lang='grc' dir='ltr'>ἑ</span> 
     </span>
    </p>
   </div>
   <div class='ocr_carea' id='block_1_3' title="bbox 353 1309 1472 1387">
    <p class='ocr_par' dir='ltr' id='par_1_4' title="bbox 353 1309 1472 1387">
     <span class='ocr_line' id='line_1_16' title="bbox 353 1309 1472 1387; baseline 0.001 -16"><span class='ocrx_word' id='word_1_112' title='bbox 353 1309 527 1372; x_wconf 80' lang='lat' dir='ltr'>Dabam¹</span> <span class='ocrx_word' id='word_1_113' title='bbox 549 1330 798 1387; x_wconf 85' lang='lat' dir='ltr'>Groningae</span> <span class='ocrx_word' id='word_1_114' title='bbox 825 1330 1045 1373; x_wconf 87' lang='lat' dir='ltr'>mensibus</span> <span class='ocrx_word' id='word_1_115' title='bbox 1073 1320 1250 1372; x_wconf 88' lang='lat' dir='ltr'>aestiuis</span> <span class='ocrx_word' id='word_1_116' title='bbox 1278 1345 1314 1373; x_wconf 92' lang='lat' dir='ltr'>a.</span> <span class='ocrx_word' id='word_1_117' title='bbox 1345 1330 1472 1373; x_wconf 84' lang='lat'><strong>1879.</strong></span> 
     </span>
    </p>
   </div>
  </div>
 </body>
</html>
