1898 3190
250 148 304 190 16
536 149 553 160 ’
718 149 979 186 PROPERTII
1003 150 1092 186 LIB.
1119 151 1145 186 Ι.
1172 155 1204 187 9.
1233 155 1287 186 10.

364 257 520 300 Nullus
553 258 688 300 Amor
721 259 918 314 cuiquam
949 258 1100 302 faciles
1132 259 1194 301 ita
1224 259 1427 314 praebuit
1457 260 1569 315 alas,

423 329 484 371 Ut
514 344 602 371 non
634 330 800 372 alterna
830 331 1036 385 presserit
1065 331 1137 372 ille
1169 345 1309 373 manu.

306 409 349 440 25
364 399 455 441 Nec
486 402 529 442 te
562 399 766 455 decipiat,
799 402 912 456 quod
945 402 1002 444 sit
1034 402 1139 444 satis
1171 399 1247 443 illa
1277 404 1448 456 parata:

423 469 576 513 Acrius
609 471 683 512 illa
715 471 848 528 subit,
880 472 1076 524 Pontice,
1109 472 1145 514 si
1178 487 1262 528 qua
1292 474 1369 514 tua
1401 475 1484 529 est3

366 540 532 596 Quippe
564 542 642 584 ubi
672 556 761 584 non
791 543 921 585 liceat
951 558 1087 586 uacuo
1121 543 1354 586 subducere
1386 543 1562 598 ocellos,

423 612 515 655 Nec
547 613 731 668 uigilare
764 614 848 656 alio
879 614 1053 656 nomine
1086 614 1208 657 cedat
1238 613 1390 671 Amor,

365 683 447 732 Qui
478 698 567 726 non
599 686 697 726 ante
730 687 868 740 patet,
901 685 1035 728 donec
1066 700 1219 727 manus
1252 685 1400 742 attigit
1429 700 1538 728 ossa.

305 765 350 796 30
425 754 627 810 Quisquis
660 771 723 811 es,
756 757 952 799 assiduas
985 773 1009 800 o
1043 758 1142 813 fuge
1178 757 1418 799 blanditias.

363 824 456 867 Illis
489 828 532 867 et
563 826 704 869 silices
738 829 782 869 et
811 830 994 883 possunt
1025 829 1172 870 cedere
1206 842 1404 884 quercus;

423 895 594 939 Nedum
620 900 674 950 *tu
706 914 784 953 par
817 899 893 954 sis,
926 899 1105 954 spiritus
1137 899 1220 941 iste
1251 898 1372 941 leuis.

366 966 526 1023 Quare,
556 968 602 1010 ni
633 970 771 1024 pudor
802 972 885 1025 est,
917 985 1046 1025 quam
1078 970 1265 1025 primum
1297 971 1441 1012 errata
1472 970 1625 1012 fatere:

423 1037 598 1094 Dicere,
631 1054 715 1094 quo
747 1054 918 1096 pereas,
951 1055 1077 1096 saepe
1109 1041 1154 1081 in
1187 1054 1330 1081 amore
1362 1040 1489 1083 leuat.

984 1314 1037 1362 X.

364 1416 399 1457 Ο
432 1417 615 1460 iocunda
646 1417 786 1473 quies,
817 1418 958 1472 primo
991 1433 1087 1460 cum
1118 1419 1242 1460 testis
1275 1418 1410 1460 amori

422 1488 657 1531 Adfueram
688 1488 845 1530 uestris
878 1489 1074 1532 conscius
1105 1490 1151 1531 in
1181 1490 1386 1532 lacrimis!

363 1559 397 1600 O
430 1562 601 1602 noctem
633 1559 880 1602 meminisse
915 1560 1023 1602 mihi
1054 1560 1236 1602 iocunda
1265 1560 1488 1615 uoluptas,

422 1627 457 1671 O
492 1631 692 1686 quotiens
724 1630 838 1673 uotis
870 1631 946 1672 illa
976 1630 1171 1673 uocanda
1202 1631 1328 1686 meis,

327 1699 471 1743 5Cum
502 1704 545 1743 te
577 1701 802 1756 complexa
833 1702 1108 1756 morientem,
1140 1701 1281 1757 Galle,
1312 1701 1458 1756 puella

423 1771 620 1814 Vidimus
654 1775 696 1814 et
726 1773 858 1828 longa
888 1772 1041 1815 ducere
1072 1771 1206 1814 uerba
1235 1773 1373 1814 mora!

361 1842 567 1892 Quamuis
599 1844 786 1886 labentis
818 1845 1030 1898 premeret
1061 1844 1166 1885 mihi
1199 1858 1374 1885 somnus
1407 1843 1564 1886 ocellos

420 1914 479 1956 Et
510 1914 660 1956 mediis
694 1914 811 1957 caelo
843 1913 964 1956 Luna
994 1914 1167 1973 ruberet
1197 1913 1334 1968 equis,

337 2042 427 2079 VAR.
453 2056 550 2078 ωεστ.
618 2047 662 2078 23
726 2042 916 2089 cuiquam]
949 2041 1009 2077 cui
1040 2053 1084 2076 ex
1109 2052 1221 2086 eorr.‚
1251 2044 1293 2076 ut
1316 2041 1413 2086 uid,
1444 2041 1486 2076 in
1511 2044 1541 2075 A
1580 2041 1586 2088 Ι
1624 2041 1767 2090 faciles,

241 2104 296 2138 ita
321 2105 346 2136 0
381 2104 386 2148 l
420 2102 575 2147 praebet
600 2102 764 2137 habenas
789 2101 984 2137 Jacobsius
1020 2101 1032 2145 ΙΙ
1069 2104 1114 2135 24
1138 2099 1224 2135 inde
1249 2099 1506 2135 Broukhusius
1535 2101 1548 2145 ΙΙ
1578 2104 1622 2136 27
1647 2112 1766 2137 uacuo

240 2161 480 2205 Fonteinius,
505 2172 584 2207 eqo:
610 2172 747 2197 uacuos
775 2164 799 2195 0
828 2162 832 2205 Ι
861 2160 1064 2195 subducere
1090 2164 1118 2193 D
1138 2162 1185 2194 V:
1211 2158 1385 2194 seducere
1409 2162 1440 2193 A
1458 2163 1485 2193 Ξ·
1503 2162 1535 2192 Η
1558 2160 1571 2205 ΙΙ
1595 2163 1640 2195 28
1667 2160 1767 2196 cedit

239 2224 269 2255 A
288 2225 315 2254 F
342 2222 396 2266 (in
420 2221 485 2256 hoe
509 2232 600 2256 corr.
626 2232 671 2256 m.
697 2222 738 2266 2)
763 2222 775 2265 ΙΙ
794 2224 838 2256 29
864 2219 1012 2265 manus]
1040 2218 1161 2254 malus
1183 2218 1338 2253 Modius
1362 2218 1445 2263 (quo
1470 2221 1612 2263 accepto
1637 2218 1768 2255 atterit

239 2280 494 2324 Burmannus)
533 2282 544 2326 ΙΙ
582 2284 626 2315 30
665 2292 686 2315 o
711 2280 799 2325 fuge
829 2278 1079 2314 Passeratius:
1114 2277 1249 2323 aufuge
1275 2280 1300 2311 0
1325 2278 1375 2312 ah
1398 2276 1487 2323 fuge
1511 2277 1658 2314 Boltius
1681 2279 1765 2316 sila.

240 2340 318 2374 crit.
342 2351 379 2384 p.
408 2344 451 2375 73
471 2341 483 2384 ΙΙ
502 2343 545 2374 31
573 2339 695 2374 silices
713 2342 743 2372 V
761 2350 806 2374 m.
827 2341 870 2381 2,
896 2341 942 2372 N:
970 2336 1102 2372 salices
1128 2339 1152 2370 0
1176 2337 1180 2380 Ι
1203 2338 1241 2372 et
1265 2337 1422 2382 possunt
1444 2340 1474 2370 Β
1493 2339 1540 2372 V:
1565 2339 1605 2373 et
1622 2338 1767 2383 possint

239 2401 270 2431 A
288 2402 315 2431 F
334 2401 366 2431 N
390 2398 547 2443 possunt
572 2398 610 2432 et
635 2407 656 2435 ς
687 2399 699 2442 11
730 2402 774 2432 32
801 2396 948 2432 Nedum
973 2399 1000 2429 F
1025 2407 1069 2431 m.
1097 2399 1140 2439 2,
1166 2398 1198 2428 N
1222 2394 1278 2429 Ne
1304 2396 1393 2430 dum
1417 2398 1464 2431 V:
1495 2396 1664 2432 Necdum
1688 2399 1719 2431 A
1737 2401 1765 2431 F

239 2457 317 2492 Nec
344 2457 431 2491 dum
456 2461 484 2490 D
517 2457 522 2502 Ι
551 2467 620 2501 par
645 2456 694 2491 sis
718 2456 866 2501 scripsi:
892 2454 1010 2501 possis
1036 2457 1060 2488 0
1095 2454 1100 2498 Ι
1135 2458 1199 2501 spe
1224 2457 1256 2488 N
1285 2456 1298 2500 ΙΙ
1328 2459 1373 2490 33
1398 2454 1438 2491 ni
1461 2455 1654 2492 Heinsius:
1681 2455 1714 2491 si
1739 2459 1763 2490 0

239 2515 310 2551 etsi
335 2516 596 2551 Lachmanuus
635 2516 639 2559 1
679 2514 790 2551 fateri
815 2517 845 2548 V
876 2526 919 2550 m.
946 2517 966 2548 1
1009 2515 1013 2558 Ι
1054 2525 1129 2558 qua
1154 2524 1193 2560 ς,
1225 2514 1356 2550 Dousa
1379 2514 1495 2558 filius:
1527 2517 1567 2549 at
1596 2515 1642 2559 cf.
1674 2516 1724 2551 ad
1747 2515 1764 2550 Ι

241 2579 302 2621 13,
328 2579 384 2611 36.

333 2646 377 2682 X.
444 2646 557 2682 Noua
587 2646 700 2691 elegia
728 2657 808 2681 cum
838 2646 945 2681 titulo
976 2645 1024 2680 ad
1055 2645 1197 2691 gallum
1227 2645 1269 2680 in
1303 2647 1327 2678 0
1369 2645 1382 2689 ΙΙ
1425 2647 1445 2678 2
1483 2643 1552 2679 Aff.
1586 2648 1616 2678 1)
1634 2649 1662 2680 r
1679 2647 1710 2678 V
1755 2645 1759 2692 Ι

240 2706 406 2742 conctius
430 2709 475 2750 F,
502 2715 592 2741 corr.
619 2716 664 2740 m.
691 2709 716 2741 2
742 2716 810 2750 my.
840 2706 844 2749 Ι
876 2703 1073 2739 inlecebris
1099 2704 1191 2740 coni.
1218 2703 1381 2749 Scaliyer
1405 2706 1438 2738 et
1461 2703 1655 2748 Heinsius3
1679 2703 1762 2739 tha-

238 2764 346 2800 lamis
384 2764 610 2809 Emathias,
648 2765 743 2808 quod
780 2764 908 2799 nollem
945 2764 1022 2808 ipse
1058 2766 1185 2798 auctor
1215 2766 1342 2808 postea
1374 2762 1567 2807 spreuisset
1607 2763 1621 2807 ΙΙ
1663 2766 1684 2797 6
1723 2762 1762 2798 in

237 2824 391 2868 longam
411 2843 454 2848 —
475 2834 618 2858 moram
645 2833 666 2860 ς
703 2824 715 2867 ΙΙ
752 2827 771 2858 7
804 2821 964 2857 labentis
989 2826 1017 2855 1)
1037 2825 1082 2856 V:
1109 2821 1278 2856 labentes
1302 2823 1332 2854 A
1350 2824 1378 2854 F
1397 2823 1428 2854 N
1455 2822 1471 2865 ·Ι
1511 2820 1604 2855 mihi
1635 2831 1701 2856 om.
1733 2824 1760 2854 r

238 2884 342 2927 (tunc
366 2892 548 2927 suprascr.
574 2894 620 2917 m.
646 2883 687 2927 2)
706 2884 718 2927 11
738 2886 758 2917 8
784 2881 915 2916 mediis
941 2892 986 2916 ex
1010 2880 1102 2916 meis
1127 2891 1218 2916 corr.
1244 2891 1289 2916 m.
1315 2883 1342 2915 2
1367 2883 1394 2912 F
