1898 3190
635 152 899 190 PROPERTII
923 152 1012 188 LIB.
1037 154 1067 188 Ι.
1092 157 1125 188 6.
1151 155 1184 187 7.
1613 150 1664 190 11

318 263 410 306 Ibis
441 265 485 305 et
515 262 680 318 accepti
710 277 811 318 pars
842 261 928 304 eris
959 260 1148 316 imperii„

201 345 247 377 35
261 333 374 376 Tum
404 333 485 376 tibi
516 334 553 376 si
584 349 669 389 qua
699 334 784 375 mei
815 333 959 375 ueniet
988 346 1077 374 non
1106 331 1319 374 inmemor
1349 331 1476 385 hora,

318 403 476 447 Viuere
507 419 575 447 me
607 405 714 448 duro
746 404 883 447 sidere
915 405 1058 446 certus
1089 403 1187 446 eris.

850 691 954 738 VII.

259 792 374 836 Dum
405 794 489 836 tibi
521 793 733 837 Cadmeae
765 795 984 850 dicuntur,
1014 793 1210 848 Pontice,
1242 793 1419 835 Thebae

318 864 538 922 Armaque
569 866 785 909 fraternae
815 865 960 908 tristia
991 864 1194 915 militiae,

260 934 424 991 Atque,
454 937 517 979 ita
548 938 631 979 sim
660 937 782 991 felix,
813 937 952 992 primo
984 935 1206 978 contendis
1239 935 1429 978 Homero
1455 983 1474 1004 0

318 1004 435 1062 (Sint
466 1008 594 1051 modo
624 1008 715 1050 fata
745 1008 831 1050 tuis
863 1007 1012 1050 mollia
1043 1005 1345 1062 carminibus):

225 1075 377 1129 5Nos,
407 1080 456 1120 ut
487 1093 758 1136 consuemus,
789 1081 964 1122 nostros
997 1079 1212 1134 agitamus
1246 1092 1415 1120 amores

318 1147 463 1203 Atque
495 1149 657 1206 aliquid
689 1150 840 1192 duram
871 1149 1115 1205 quaerimus
1146 1149 1192 1190 in
1223 1148 1462 1203 dominam3

262 1217 351 1260 Nec
380 1221 554 1263 tantum
584 1221 779 1277 ingenio,
810 1222 1019 1276 quantum
1052 1220 1214 1262 seruire
1247 1219 1385 1261 dolori
1411 1229 1414 1233 '

107 1319 114 1342 1
320 1287 464 1346 Cogor
495 1293 538 1333 et
569 1291 725 1334 aetatis
756 1294 954 1346 tempora
983 1291 1090 1332 dura
1121 1290 1254 1345 queri.

260 1359 344 1403 Hic
374 1361 480 1403 mihi
512 1362 749 1405 conteritur
778 1362 896 1404 uitae
927 1361 1101 1412 modus,
1131 1360 1238 1403 haec
1270 1376 1368 1404 mea
1398 1361 1515 1403 fama
1547 1363 1630 1415 est,

204 1441 248 1474 10
319 1430 432 1475 Hinc
464 1432 590 1487 cupio
620 1447 778 1475 nomen
809 1432 1011 1475 carminis
1042 1432 1104 1474 ire
1135 1432 1232 1474 mei.

260 1501 331 1545 Me
361 1503 538 1546 laudent
568 1503 719 1546 doctae
752 1504 891 1546 solum
922 1504 1134 1559 placuisse
1166 1503 1354 1558 puellae,

318 1573 514 1630 Pontice,
545 1576 589 1616 et
618 1574 800 1617 iniustas
833 1589 961 1629 saepe
991 1574 1146 1616 tulisse
1178 1574 1335 1616 minas:

260 1643 331 1686 Me
361 1644 480 1701 legat
510 1645 682 1688 assidue
714 1647 814 1700 post
843 1645 950 1688 haec
979 1645 1205 1700 neglectus
1237 1647 1424 1700 amator,

205 1725 250 1757 14
318 1714 379 1758 Et
407 1716 579 1771 prosint
608 1716 672 1758 illi
703 1717 879 1772 cognita
910 1718 1059 1758 nostra
1089 1715 1216 1758 mala.

203 1785 248 1829 523
260 1785 351 1829 Nec
380 1789 585 1842 poterunt
614 1787 791 1829 iuuenes
822 1789 973 1830 nostro
989 1774 1182 1829 'reticere
1214 1787 1410 1842 sepulcro

321 1856 517 1901 ‘Ardoris
547 1859 685 1901 nostri
717 1871 875 1913 magne
905 1860 1034 1913 poeta
1064 1858 1204 1901 iaces?

203 1939 250 1971 25
263 1927 331 1972 Tu
361 1944 465 1972 caue
495 1932 646 1972 nostra
676 1932 751 1972 tuo
784 1932 1034 1972 contemnas
1066 1930 1258 1973 carmina
1288 1930 1425 1973 fastu:

203 2011 247 2043 26
322 1999 458 2056 Saepe
488 2001 609 2043 uenit
641 2015 800 2057 magno
831 2000 978 2043 fenore
1010 2000 1157 2043 tardus
1190 1976 1369 2044 Amor.-

205 2082 248 2114 15
261 2070 322 2113 Te
353 2086 520 2126 quoque
553 2072 590 2113 si
622 2073 740 2114 certo
772 2086 878 2127 puer
907 2070 979 2113 hic
1011 2071 1274 2113 concusserit
1306 2086 1424 2123 arcu,

238 2233 328 2269 Vn.
354 2245 453 2269 macr.
513 2237 560 2269 34
602 2233 727 2279 acepti
749 2237 777 2267 F
817 2236 823 2277 Ι
862 2233 932 2269 etis
968 2235 1000 2279 (r
1023 2244 1139 2279 supra
1172 2235 1189 2269 t
1218 2246 1264 2270 m.
1290 2238 1311 2270 1
1343 2237 1426 2281 scr.)
1456 2239 1488 2269 R
1526 2238 1531 2280 1
1571 2237 1670 2272 locus

145 2292 337 2338 obscurus,
373 2293 416 2328 in
446 2304 516 2338 quo
547 2294 724 2346 coniecere
754 2293 918 2338 acceptis
947 2303 1016 2338 par
1046 2292 1119 2328 eris
1144 2292 1309 2338 imperiis
1338 2295 1570 2330 Passeratius
1594 2297 1667 2340 (ac-

145 2351 254 2396 cepto
278 2362 346 2397 par
377 2351 448 2387 eris
477 2352 634 2397 imperio
659 2351 897 2397 Fonteinius,
928 2351 1091 2397 acceptis
1122 2364 1193 2398 par
1223 2353 1294 2388 eris
1326 2353 1472 2399 imperii
1499 2355 1668 2399 Blunro),

144 2410 278 2446 asserti
314 2410 510 2454 Heinsius,
547 2422 625 2446 sors
662 2411 734 2447 erit
769 2412 1030 2448 Laehmannus
1067 2414 1150 2457 (quo
1180 2414 1338 2458 probato
1375 2415 1418 2449 ut
1448 2425 1520 2459 pro
1551 2416 1589 2450 et
1623 2415 1667 2450 L.

146 2470 362 2515 Muellerus)
381 2471 394 2515 ΙΙ
412 2473 456 2505 35
482 2469 583 2505 imm.
609 2474 638 2504 1)

238 2540 318 2577 VII.
366 2541 480 2576 Noua
504 2541 618 2586 eleyia
648 2552 728 2576 cum
752 2542 859 2578 titulo
891 2542 939 2578 ad
964 2542 1155 2587 ponticum
1179 2544 1221 2579 in
1246 2547 1271 2578 0
1308 2545 1320 2589 ΙΙ
1359 2549 1376 2579 1
1405 2544 1498 2580 Cum
1523 2549 1551 2578 D
1567 2573 1575 2580 .
1596 2545 1668 2580 Vm

144 2599 184 2645 (d
207 2610 252 2635 m.
278 2601 305 2636 2
329 2600 428 2644 add.)
454 2602 484 2633 V
513 2600 526 2643 [Ι
556 2603 577 2634 2
609 2599 799 2645 milici(a)e
822 2604 853 2635 A
870 2606 902 2637 N
931 2603 944 2647 ΙΙ
975 2605 996 2636 3
1025 2601 1148 2647 prisco
1174 2605 1204 2636 V
1227 2614 1272 2638 m.
1299 2607 1325 2639 2
1362 2605 1374 2649 ΙΙ
1411 2608 1431 2639 6
1456 2603 1600 2648 aliquid
1625 2616 1668 2639 esc

145 2657 195 2694 ad
212 2668 302 2694 corr.
327 2662 373 2702 Ἐς
398 2658 542 2694 aditum
566 2658 838 2704 Burmannus„
859 2664 878 2695 7
905 2660 984 2696 Nec
1008 2661 1135 2696 tamen
1159 2663 1190 2695 Δ
1208 2665 1235 2695 1²
1266 2663 1278 2707 ΙΙ
1310 2666 1330 2696 9
1357 2662 1585 2698 Conterritur
1610 2666 1638 2696 F
1660 2663 1663 2707 Ι

145 2715 255 2764 hacc]
281 2718 321 2752 et
338 2720 365 2750 F
384 2718 394 2761 l}
414 2720 456 2752 11
484 2717 640 2753 laudant
658 2720 688 2751 Δ
706 2721 734 2751 Ε·
760 2718 815 2763 (in
838 2719 904 2755 hoc
927 2730 1018 2756 corr.
1044 2731 1091 2756 m.
1110 2721 1151 2764 2)
1174 2723 1179 2764 Ι
1200 2720 1402 2768 placuisse]
1429 2721 1596 2756 docuisse
1622 2725 1665 2765 R,

147 2785 238 2811 corr.
253 2786 299 2811 m.
315 2779 335 2811 1
349 2776 362 2822 ss
376 2779 418 2811 13
439 2775 609 2812 assiduae
623 2779 654 2809 R
671 2775 675 2822 Ι
691 2777 895 2823 neglectae,
914 2790 940 2824 g
953 2789 997 2814 ex
1016 2789 1108 2815 corr.
1122 2783 1149 2813 1²
1167 2780 1180 2824 ΙΙ
1198 2791 1274 2824 uu„
1296 2781 1360 2825 qui
1377 2781 1517 2816 suntin
1531 2783 1555 2813 0
1576 2784 1667 2815 23—

146 2837 205 2879 26,
218 2838 304 2880 post
318 2838 361 2870 14
369 2836 481 2880 posui
499 2837 575 2881 (uu.
598 2839 660 2880 25,
687 2839 732 2871 26
757 2836 828 2872 huc
844 2837 919 2873 iam
938 2837 1038 2873 Guil.
1059 2838 1256 2874 Fischerus
1280 2839 1438 2883 traiecit)
1459 2843 1519 2874 ‘23
1547 2840 1666 2884 sepul-

148 2892 236 2929 chro
260 2896 335 2927 An
353 2894 428 2939 1125
456 2896 694 2940 contempnas
719 2898 750 2930 Δ
768 2899 796 2930 r
813 2898 845 2930 Π
863 2898 876 2941 ΙΙ
894 2900 938 2932 26
963 2896 1115 2933 foenore
1139 2902 1168 2931 1)
1187 2900 1218 2931 V
