1898 3190
0 2173 53 3190 fflmaemammmaewu—vm'wr*s
0 2070 12 2149 ··”“’
0 2011 36 2019 χ
0 1966 6 1977 ·’
0 1909 3 1912 ’
0 1842 3 1843 ’
3 1804 5 1806 ·

635 167 897 204 PROPERTII
918 166 1009 205 LIB.
1034 167 1097 204 ΠΙ.
1124 173 1181 205 11.
1588 166 1672 208 127

265 277 376 328 Quid
405 291 518 319 nunc
550 276 773 332 Tarquinii
803 276 966 319 fractas
998 277 1120 320 iuuat
1150 292 1243 320 esse
1275 291 1464 332 secures,

321 347 511 391 Nomine
543 363 670 404 quem
703 348 835 390 simili
865 348 958 390 uita
990 349 1178 404 superba
1207 350 1351 403 notat,

265 418 310 462 Si
340 419 494 461 mulier
524 419 729 475 patienda
758 418 870 460 fuit?
901 433 1025 474 cape,
1056 418 1214 473 Roma,
1244 417 1530 472 triumphum,

207 500 253 534 50
324 489 385 531 Et
413 490 593 546 longum
625 489 825 545 Augusto
857 489 979 532 salua
1008 504 1183 544 precare
1215 489 1340 531 diem.

897 588 921 613 ιιι

781 647 805 672 *
1017 647 1042 672 *

262 713 434 771 Fugisti
463 717 611 757 tamen
640 716 686 757 in
718 715 860 758 timidi
891 730 1005 771 uaga
1035 715 1213 757 flumina
1243 714 1353 771 Nili,

322 786 538 841 Accepere
569 790 668 829 tuae
699 787 884 829 Romula
914 787 1057 829 uincla
1088 801 1254 829 manus.

262 856 451 900 Brachia
482 858 675 913 spectaui
707 858 839 901 sacris
872 857 1074 900 admorsa
1105 858 1316 913 colubris,

321 928 382 970 Et
409 929 581 971 trahere
614 929 829 971 occultum
861 929 1055 971 membra
1087 929 1253 984 soporis
1285 929 1378 971 iter.

207 1008 252 1040 55
265 997 367 1041 Νο11
396 999 520 1055 haec,
551 999 707 1054 Roma,
738 999 821 1041 fuit
851 1001 974 1041 tanto
1006 999 1087 1041 tibi
1118 1000 1210 1041 ciue
1241 999 1429 1041 uerenda

320 1069 381 1112 Et
411 1071 529 1113 ducis
560 1071 733 1113 assiduo
764 1071 913 1127 lingua
945 1071 1113 1126 sepulta
1144 1085 1275 1112 mero.

263 1139 438 1197 Septem
468 1143 571 1184 urbs
604 1142 693 1184 alta
723 1142 854 1197 iugis,
884 1144 978 1184 toto
1010 1156 1118 1197 quae
1149 1141 1366 1196 praesidet
1397 1141 1510 1197 orbi,

321 1211 548 1255 Femineas
580 1212 727 1254 timuit
757 1212 908 1254 territa
938 1211 1079 1254 Marte
1110 1211 1279 1254 minas?

261 1282 521 1326 Hannibalis
554 1283 693 1338 spolia
724 1286 767 1326 et
798 1283 903 1326 uicti
933 1286 1212 1326 monumenta
1244 1281 1471 1339 Syphacis,

203 1364 249 1397 60
320 1354 381 1396 Et
409 1354 567 1411 Pyrrhi
598 1354 652 1397 ad
682 1357 855 1396 nostros
887 1354 1027 1410 gloria
1058 1354 1196 1396 fracta
1226 1353 1375 1409 pedes,

894 1452 918 1478 *

775 1512 799 1537 *
1012 1511 1036 1537 *

263 1577 438 1622 Curtius
470 1580 648 1635 expletis
681 1579 836 1622 statuit
866 1581 1147 1622 monumenta
1177 1578 1362 1634 lacunis,

321 1650 386 1693 Ac
415 1650 574 1694 Decius
605 1652 739 1693 misso
771 1650 937 1706 praelia
967 1650 1085 1705 rupit
1116 1665 1245 1705 equo,

262 1719 440 1764 Coclitis
472 1723 688 1765 abscissos
719 1724 908 1764 testatur
940 1722 1097 1763 semita
1126 1723 1299 1776 pontes,

320 1792 403 1835 Est
432 1794 502 1836 cui
533 1808 771 1850 cognomen
802 1807 957 1835 coruus
987 1793 1146 1835 habere
1178 1792 1307 1835 dedit.

203 1873 249 1906 65
261 1862 383 1906 Haec
414 1864 458 1906 di
490 1864 784 1919 condiderunt,
814 1864 921 1906 haec
953 1863 996 1905 di
1027 1878 1194 1919 quoque
1226 1862 1398 1905 moenia
1430 1867 1622 1908 seruant:

319 1934 407 1977 Vix
437 1935 591 1978 timeat
622 1936 743 1978 saluo
775 1933 959 1978 Caesare
990 1935 1130 1977 Roma
1159 1934 1321 1977 Iouem.

237 2074 329 2111 Vm.
355 2088 454 2112 macr.
509 2079 553 2111 47
587 2074 764 2120 tarquinii
788 2079 816 2109 D
835 2078 882 2110 V:
917 2075 1081 2120 tarquini
1105 2078 1132 2108 F
1151 2078 1182 2109 R
1218 2076 1231 2120 ΙΙ
1267 2078 1311 2110 48
1352 2073 1483 2110 Omine
1508 2080 1536 2110 D
1563 2077 1671 2119 (idem

142 2145 211 2179 my.
238 2136 279 2169 at
301 2134 475 2180 Nomine)
497 2134 503 2180 Ι
524 2146 559 2179 q3
584 2138 616 2168 Π
638 2142 643 2178 Ι
665 2135 772 2170 notat
795 2138 822 2168 Ε
841 2137 873 2168 Π
899 2136 941 2178 (V
960 2145 1028 2179 my.
1048 2146 1094 2169 m.
1114 2136 1173 2174 2):
1199 2136 1312 2169 uocat
1335 2138 1364 2168 D
1384 2134 1542 2180 Vlffinter
1569 2138 1612 2169 50
1638 2138 1671 2169 et

145 2197 188 2229 51
215 2195 368 2229 lacunae
392 2195 499 2239 siyna
519 2194 631 2238 posui
644 2199 653 2239 gg
669 2197 712 2228 51
738 2193 872 2228 timida
895 2196 942 2235 Ἐς
968 2192 1103 2228 tumidi
1122 2197 1150 2227 r
1174 2205 1220 2228 m.
1241 2197 1309 2229 2v
1328 2205 1373 2229 m.
1387 2197 1412 2229 2
1432 2201 1433 2204 ’
1451 2205 1551 2238 uaga
1574 2198 1603 2227 1>
1622 2196 1669 2229 V:

146 2251 245 2287 uada
269 2255 296 2286 F
314 2255 347 2286 n
364 2252 376 2297 ΙΙ
396 2256 440 2287 53
468 2252 648 2287 Bracchia
665 2257 693 2286 D
713 2256 758 2296 F,
778 2255 807 2285 V
831 2264 876 2288 m.
897 2257 917 2287 1
937 2253 950 2298 ΙΙ
969 2256 1014 2287 54
1034 2253 1198 2288 ocultum
1217 2256 1244 2286 Ε·
1263 2256 1294 2287 Η
1313 2254 1326 2298 [Ι
1345 2256 1389 2287 55
1415 2253 1508 2287 haec
1534 2262 1572 2290 ςε
1599 2253 1669 2288 hoc

149 2314 174 2346 0
208 2312 214 2356 Ι
247 2311 320 2346 fuit
344 2314 387 2345 0:
411 2310 467 2346 fui
492 2321 514 2348 ς
539 2311 648 2356 (quod
671 2311 736 2355 qui
759 2312 929 2355 retineret,
955 2312 1041 2346 haee
1064 2312 1177 2354 uerba
1198 2311 1411 2356 Cleopatrae
1429 2312 1638 2356 uindicaret)
1657 2311 1669 2357 5!

144 2374 190 2407 56
216 2371 265 2407 Et
289 2370 392 2406 ducis
411 2370 460 2406 D.
482 2370 676 2404 Heinsius:
703 2369 807 2404 Dixit
831 2371 869 2405 et
894 2373 919 2404 0
943 2370 1022 2406 Nec
1048 2370 1152 2406 ducis
1180 2371 1412 2406 Passeratius
1434 2373 1494 2406 '58
1521 2381 1587 2406 om.
1613 2374 1665 2417 1³3

144 2429 272 2466 timuit
296 2439 363 2464 om.
388 2432 436 2473 Ε,
461 2429 546 2463 add.
571 2439 639 2473 my.
665 2439 711 2463 m.
737 2432 763 2464 2
786 2428 941 2474 {territe
965 2433 993 2463 F
1016 2441 1061 2465 m.
1088 2434 1108 2464 1
1132 2431 1137 2476 Ι
1158 2429 1197 2464 in
1223 2431 1302 2465 arte
1327 2435 1374 2474 1),
1394 2433 1425 2463 V
1449 2431 1587 2475 m.1ss
1623 2434 1668 2465 59

143 2487 279 2524 Hanib.
304 2491 332 2522 F
356 2486 490 2522 Annib.
516 2490 547 2520 V
570 2498 615 2521 m.
642 2491 667 2523 2
702 2488 958 2531 lmonimenta
980 2491 1012 2522 R
1046 2488 1051 2535 Ι
1088 2488 1250 2534 siphacis
1275 2492 1368 2534 DF,
1387 2492 1418 2523 V
1441 2501 1486 2525 m.
1513 2493 1538 2526 2
1575 2491 1588 2534 ΙΙ
1625 2493 1670 2524 60

143 2546 262 2592 pirthi
286 2546 401 2592 (pin-y
425 2556 607 2590 suprascr.
633 2557 678 2581 m.
708 2547 749 2590 2)
773 2550 801 2580 1?
826 2547 928 2592 pyrri
952 2550 983 2581 Π
1005 2549 1011 2592 Ι
1032 2547 1133 2583 facta
1156 2550 1186 2581 V
1205 2559 1249 2583 m
1268 2551 1290 2582 1
1310 2548 1421 2592 sspost
1445 2551 1490 2583 60
1516 2548 1670 2582 lacunae

143 2606 250 2651 siyna
272 2606 396 2650 posuit
421 2605 466 2639 L.
495 2605 697 2640 Muellerus
732 2606 745 2650 ΙΙ
782 2609 825 2641 61
864 2605 1009 2642 Curtius
1034 2611 1062 2641 Ε·
1085 2618 1153 2652 my.
1180 2619 1225 2641 m.
1252 2610 1297 2650 2,
1323 2610 1353 2640 V
1383 2619 1429 2642 m.
1455 2611 1498 2644 2.
1534 2607 1668 2642 Durius

145 2669 174 2700 1)
192 2668 220 2698 r
245 2663 375 2700 Curius
395 2663 437 2709 (C
462 2675 506 2699 ex
525 2675 617 2699 corr.
637 2663 672 2709 .9)
692 2667 734 2707 V,
752 2668 784 2699 B
805 2665 811 2710 Ι
831 2665 1062 2701 monimenta
1079 2669 1124 2709 Νς
1151 2666 1317 2701 lamenta
1336 2666 1528 2711 Hauptius
1547 2677 1669 2710 opusc.

145 2723 198 2759 III
222 2727 290 2759 209
319 2723 324 2769 Ι
351 2723 494 2758 lacinus
514 2727 552 2768 F,
573 2734 664 2758 corr.
685 2734 753 2769 my.
773 2735 817 2759 m.
838 2728 863 2760 2
901 2725 914 2769 ΙΙ
950 2729 994 2760 62
1020 2726 1074 2760 Ac
1098 2730 1127 2759 D
1146 2728 1194 2760 V:
1221 2726 1272 2760 At
1294 2729 1322 2760 F
1341 2729 1373 2760 Π
1399 2728 1442 2770 (V
1466 2737 1511 2760 m.
1532 2727 1572 2769 2)
1591 2726 1604 2770 [Ι
1624 2729 1667 2760 63

146 2781 291 2818 Collitis
315 2785 343 2815 F
368 2783 471 2826 (corr.
499 2793 566 2827 my.
593 2794 638 2818 m.
665 2783 706 2827 2)
739 2781 905 2818 Colclitis
929 2787 960 2818 Π
986 2783 1156 2830 Coclitis,
1183 2796 1203 2820 c
1228 2796 1272 2820 ex
1291 2796 1400 2830 corr.,
1427 2787 1456 2818 V
1478 2784 1483 2829 Ι
1506 2783 1669 2819 abscisos

143 2844 173 2875 1¹·
197 2840 362 2876 adscisos
384 2843 416 2875 Π
446 2842 459 2886 [Ι
491 2844 536 2877 64
561 2842 626 2877 Est
652 2841 829 2887 Puceius,
854 2842 1128 2879 Broukhusius:
1153 2843 1203 2879 Et
1226 2847 1252 2878 0
1282 2844 1296 2889 ΙΙ
1327 2847 1372 2880 65
1396 2843 1449 2878 dii
1464 2842 1574 2878 —dii
1600 2845 1624 2876 0
1660 2842 1665 2889 Ι

146 2899 387 2934 condiderant
412 2902 454 2945 0,
480 2911 572 2938 corr.
599 2900 795 2936 Liuineius
815 2901 822 2946 Ι
841 2912 989 2946 quoque
1015 2912 1081 2938 om.
1107 2906 1135 2936 1²
