1898 3190
382 777 562 842 SEX.
601 779 1082 843 PROPERTII
1119 779 1656 845 ELEGIARUM

924 907 1033 950 LIB.
1059 907 1113 950 Π.

1000 1125 1038 1174 Ι.

376 1225 610 1278 Quaeritis,
640 1227 751 1269 unde
782 1227 892 1269 mihi
922 1227 1082 1270 totiens
1115 1227 1359 1270 scribantur
1390 1242 1576 1282 amores,

433 1296 556 1339 Unde
589 1312 707 1340 meus
739 1299 887 1340 ueniat
917 1299 1060 1342 mollis
1091 1299 1138 1342 in
1168 1315 1244 1342 ora
1274 1300 1396 1342 liber.

373 1369 474 1412 Non
503 1369 612 1411 haec
644 1368 855 1425 Calliope,
886 1385 973 1412 non
1004 1370 1109 1413 haec
1140 1370 1247 1412 mihi
1279 1371 1426 1412 cantat
1456 1369 1634 1424 Apollo:

339 1450 361 1480 4
433 1439 661 1496 Ingenium
692 1442 819 1484 nobis
850 1442 946 1496 ipsa
977 1442 1119 1497 puella
1149 1441 1267 1484 facit.

340 1508 457 1553 vseu
488 1512 577 1554 uidi
609 1513 662 1554 ad
693 1513 879 1555 frontem
913 1528 1085 1568 sparsos
1119 1527 1258 1555 errare
1290 1512 1487 1567 capillos,

339 1594 359 1624 8
434 1582 604 1625 Gaudet
633 1585 820 1627 laudatis
851 1586 913 1627 ire
945 1585 1131 1640 superba
1162 1584 1315 1639 comis3

339 1652 475 1695 fiSiue
507 1655 631 1697 illam
664 1654 765 1697 Cois
798 1655 1035 1711 fulgentem
1067 1655 1262 1698 incedere
1294 1653 1450 1709 coccis,

339 1736 359 1766 6
432 1724 527 1767 Hac
557 1728 698 1768 totum
730 1741 751 1768 e
784 1725 876 1768 Coa
906 1729 1026 1768 ueste
1057 1726 1260 1768 uolumen
1291 1725 1390 1781 erit3

338 1808 358 1838 9
374 1792 474 1839 Siue
504 1797 625 1851 lyrae
657 1811 831 1839 carmen
863 1797 1011 1853 digitis
1043 1797 1256 1853 percussit
1286 1795 1477 1850 eburnis,

319 1879 360 1910 10
433 1867 661 1919 Miramur,
693 1868 831 1910 facilis
864 1871 913 1910 ut
943 1870 1113 1923 premat
1144 1871 1237 1911 arte
1268 1882 1439 1922 manus;

350 2032 609 2068 Tzsrmomtm.
659 2031 693 2077 I,
719 2036 739 2066 2
766 2032 889 2069 adfert
913 2032 1099 2068 Caesius
1124 2033 1289 2068 Bassus
1323 2031 1494 2077 [gramm.
1514 2030 1581 2066 lat.
1606 2030 1650 2067 K.
1670 2030 1722 2066 VI
1740 2042 1778 2075 p.

255 2095 344 2136 264,
371 2092 432 2138 ιο]

349 2245 440 2280 Vim.
468 2257 566 2280 mer.
616 2244 722 2290 Ineip
742 2245 806 2280 lib'
828 2244 910 2280 scds
932 2245 980 2280 ad
994 2245 1184 2280 mecenate
1198 2247 1229 2278 Δ
1248 2245 1315 2279 litt.
1335 2244 1435 2279 rubr.
1457 2242 1570 2278 Liber
1588 2227 1696 2289 p¹mus
1722 2254 1780 2279 ex-

255 2303 372 2350 plicit.
421 2304 559 2350 Incipit
584 2304 739 2340 secudus
772 2304 820 2339 ad
846 2305 1058 2350 mecenateg
1082 2307 1110 2337 F
1143 2302 1327 2349 Propertii
1359 2302 1492 2338 aurelii
1522 2304 1658 2338 nautae
1683 2301 1780 2338 liber

258 2363 439 2399 secundus
458 2364 592 2410 incipit
611 2364 658 2400 ad
677 2366 909 2399 mecenatem
927 2368 956 2398 Ι)
978 2365 1045 2399 litt.
1066 2364 1215 2399 maiusc.
1238 2358 1526 2405 uersicoloribus,
1551 2362 1645 2397 idem
1663 2362 1782 2397 uoluit

256 2425 297 2466 V,
318 2423 359 2457 in
377 2434 447 2468 quo
466 2424 599 2459 multae
618 2424 759 2459 litterae
778 2424 878 2458 tituli
897 2423 1047 2458 omissae
1064 2424 1077 2468 ΙΙ
1095 2422 1128 2465 Ι,
1153 2427 1170 2457 1
1191 2422 1333 2458 tociens
1353 2424 1428 2456 An
1440 2423 1471 2455 V
1488 2421 1502 2466 ΙΙ
1519 2424 1540 2456 2
1560 2421 1654 2456 hora¹
1670 2424 1698 2454 r
1717 2431 1780 2456 ore

256 2484 288 2515 N
306 2493 351 2517 m.
371 2485 392 2516 1
412 2483 425 2527 ΙΙ
445 2487 465 2517 3
491 2483 584 2518 haec
603 2493 669 2519 om.
689 2486 717 2516 F
744 2482 852 2528 (mihi
876 2483 919 2518 in
938 2485 1055 2526 textu,
1081 2482 1150 2530 hec
1175 2483 1218 2517 in
1235 2492 1349 2527 marg.
1370 2480 1454 2516 add.
1473 2491 1520 2516 m.
1539 2481 1582 2525 2)
1605 2479 1610 2526 Ι
1632 2478 1776 2525 caliope

258 2545 286 2574 D
306 2544 344 2585 F,
364 2544 395 2574 V
414 2553 458 2576 m.
479 2545 500 2576 1
522 2542 667 2588 callope
687 2543 729 2577 in
748 2542 907 2587 calliope
927 2552 1018 2577 corr.
1039 2544 1070 2575 A
1091 2543 1096 2586 Ι
1119 2540 1238 2576 dictat
1256 2550 1290 2585 ς,
1308 2540 1504 2575 Liuineius
1525 2540 1531 2583 Ι
1552 2538 1703 2584 appollo
1721 2541 1750 2571 F
1767 2538 1780 2585 ΙΙ

257 2603 277 2634 5
305 2599 407 2635 chois
434 2603 458 2634 0
491 2601 619 2647 (choys
645 2603 687 2647 F)
727 2603 732 2646 Ι
773 2600 892 2636 coccis
917 2600 1194 2636 Lachmannus:
1226 2600 1328 2646 cogis
1353 2602 1384 2634 Δ
1401 2602 1429 2632 Ὲ
1447 2601 1479 2632 Π
1504 2600 1547 2642 (V
1571 2610 1616 2634 m.
1641 2600 1668 2634 2
1692 2600 1725 2633 et
1748 2603 1778 2633 1)

256 2670 325 2704 my.
345 2670 417 2704 pro
442 2670 522 2694 uar.
551 2661 642 2704 leet.)
673 2659 773 2705 togis
798 2664 826 2694 Β
845 2662 875 2693 V
900 2657 979 2694 uidi
1005 2669 1027 2696 ς
1056 2659 1146 2694 noui
1169 2658 1379 2694 Huschkius
1414 2658 1428 2703 ΙΙ
1463 2662 1485 2693 6
1521 2656 1602 2692 Hac
1630 2657 1778 2702 scripsi:

257 2717 338 2752 Hoc
363 2720 388 2751 0
420 2718 426 2761 1
457 2718 592 2753 Totum
618 2718 664 2752 de
691 2718 766 2754 Coa
791 2718 1015 2753 Schraderus
1038 2717 1119 2752 Hoc
1144 2719 1266 2753 totum
1289 2715 1328 2751 in
1354 2715 1430 2751 Coa
1454 2716 1545 2751 com‘.
1572 2715 1778 2751 Lachman-

256 2787 328 2811 nus
367 2778 372 2821 Ι
412 2777 507 2812 choa
532 2779 557 2810 0
594 2777 607 2822 ΙΙ
642 2789 723 2821 uu.,
755 2778 820 2822 qui
849 2779 935 2812 sunt
958 2777 999 2811 in
1026 2779 1050 2810 0
1078 2780 1096 2811 7
1123 2779 1156 2811 et
1180 2779 1219 2819 8,
1251 2779 1334 2811 ante
1359 2778 1379 2809 5
1407 2775 1533 2819 posuit
1557 2774 1779 2810 Fonteiuius

258 2838 313 2880 (9,
342 2839 401 2878 10;
430 2839 468 2880 7,
495 2839 531 2879 83
559 2839 599 2878 5,
625 2840 646 2870 6
667 2847 745 2880 pos.
771 2837 1044 2879 Lachmauuus)
1070 2836 1083 2880 ΙΙ
1108 2838 1127 2870 7
1154 2834 1248 2881 uidi]
1274 2833 1367 2869 mihi
1390 2837 1422 2867 Π
1446 2845 1492 2868 m.
1518 2836 1538 2868 1
1557 2833 1570 2878 ΙΙ
1589 2837 1610 2868 9
1636 2832 1705 2868 lire
1728 2835 1775 2876 Δς

258 2895 339 2939 lyra
363 2894 542 2930 Heinsius
559 2895 572 2939 ΙΙ
593 2898 636 2929 10
660 2894 790 2930 faciles
814 2899 843 2928 1)
862 2897 893 2928 V
914 2894 919 2940 Ι
940 2895 1048 2939 regat
1073 2893 1296 2929 Schrader-us
1320 2896 1353 2928 et
1376 2892 1669 2928 Hemsterhusius
