1898 3190
646 170 908 214 Pnomu‘m
930 167 1023 212 Lm.
1046 174 1110 211 1v.
1138 175 1194 210 ιι-
1617 166 1703 214 193

894 358 980 405 XL

292 477 472 531 Desine,
502 475 653 527 Paule,
683 489 827 516 meum
855 473 1048 516 lacrimis
1079 486 1232 528 urgere
1263 472 1526 526 sepulcrum:

354 547 567 590 Panditur
597 547 651 588 ad
681 545 825 588 nullas
855 545 987 586 ianua
1016 544 1143 599 nigra
1173 558 1332 598 preces.

295 616 406 661 Cum
437 618 570 660 semel
598 617 791 658 infernas
822 616 1040 658 intrarunt
1068 615 1221 657 funera
1251 615 1390 670 leges,

355 688 459 731 Non
490 690 667 730 exorato
698 691 829 730 stant*
848 687 1077 729 adamante
1108 687 1218 729 uiae.

259 759 355 803 5Το
384 760 487 802 licet
517 762 715 802 orantem
745 758 891 800 fuscae
921 757 1026 800 deus
1058 757 1206 800 audiat
1236 757 1376 799 aulae:

352 829 520 885 Nempe
549 833 649 872 tuas
679 829 882 872 lacrimas
913 829 1046 871 litora
1076 829 1206 871 surda
1235 829 1396 870 bibent..

293 901 413 945 Vota
442 903 619 944 mouent
651 915 847 955 superos:
879 900 954 941 ubi
984 899 1174 955 portitor
1204 913 1305 941 aera
1335 897 1515 953 recepit,

353 972 539 1015 Obserat
567 972 795 1013 umbrosos
826 970 966 1012 lurida
994 972 1122 1025 porta
1151 970 1286 1018 locos.

297 1043 362 1087 Ut
389 1045 583 1086 maestae
613 1042 803 1084 cecinere
832 1041 982 1094 tubae,
1012 1055 1109 1082 cum
1142 1040 1315 1082 subdita
1344 1041 1540 1082 nostrum

239 1126 284 1158 10
354 1113 617 1157 Detraheret
644 1113 756 1154 lecto
786 1111 860 1154 fax
890 1111 1066 1154 inimica
1097 1114 1245 1165 caput,

296 1185 408 1236 Quid
437 1184 546 1226 mihi
577 1178 826 1238 coniugium
855 1182 1002 1236 Pauli,
1033 1181 1137 1237 quid
1167 1196 1315 1223 currus
1348 1195 1528 1223 auorum

355 1255 528 1298 Profuit
558 1257 634 1296 aut
663 1254 804 1296 famae
834 1254 1019 1309 pignora
1047 1255 1171 1295 tanta
1202 1252 1353 1294 meae?

296 1326 414 1370 Num
443 1327 586 1368 minus
616 1325 791 1368 inmites
820 1324 955 1367 habui
986 1323 1185 1366 Cornelia
1215 1323 1407 1366 Parcas?

354 1398 427 1440 En
458 1412 571 1448 sum,
602 1396 716 1452 quod
746 1396 895 1451 digitis
928 1396 1114 1451 quinque
1144 1396 1331 1448 leuatur,
1363 1409 1485 1437 onus.

241 1480 286 1512 15
298 1469 541 1512 Damnatae
570 1471 738 1522 noctes,
769 1470 812 1509 et
842 1481 921 1508 uos
951 1466 1064 1508 uada
1093 1466 1211 1508 lenta
1240 1466 1439 1521 paludes,

356 1539 416 1581 Et
446 1552 740 1595 quaecumque
772 1552 891 1579 meos
922 1537 1103 1592 inplicat
1133 1537 1250 1578 unda
1279 1536 1424 1592 pedeS,

299 1609 539 1653 Immatura
568 1611 691 1664 licet,
720 1612 868 1651 tamen
896 1608 982 1650 huc
1013 1623 1102 1650 non
1132 1608 1263 1650 noxia
1292 1608 1408 1649 ueni:

357 1680 577 1736 Deprecor
605 1681 677 1723 hic
707 1680 886 1722 umbrae
917 1679 1067 1722 mollia
1095 1679 1191 1721 iura
1220 1693 1352 1720 meae.

300 1752 362 1794 At
393 1753 430 1794 si
460 1753 557 1808 quis
587 1752 733 1808 posita
764 1751 890 1793 iudex
921 1750 1040 1792 sedet
1069 1749 1237 1792 Aeacus
1269 1765 1395 1803 urna,

244 1833 290 1865 20
363 1822 408 1865 Is
438 1838 536 1866 mea
567 1822 721 1864 sortita
751 1820 942 1863 uindicet
972 1835 1072 1863 ossa
1100 1820 1206 1876 pila3

305 1893 539 1936 Assideant
568 1893 743 1946 fratres,
772 1892 893 1934 iuxta
923 1894 966 1934 et
996 1891 1189 1934 Minoida
1220 1891 1372 1934 sellam

358 1963 648 2007 Eumenidum
678 1963 846 2004 intento
877 1962 1006 2004 turba
1036 1977 1188 2004 seuera
1217 1961 1327 2004 foro.

277 2080 370 2117 Vn.
395 2094 495 2116 Lacr.
567 2080 629 2117 XI.
687 2079 803 2115 Noua
826 2080 940 2125 eleyia
962 2080 1005 2114 in
1031 2082 1056 2113 0
1088 2079 1151 2123 (ad
1176 2079 1328 2125 paulum
1352 2083 1381 2113 D
1400 2083 1431 2113 V
1464 2080 1710 2126 [epigramma

170 2139 246 2175 ad.
269 2151 307 2186 p.
331 2141 443 2176 huius
466 2152 513 2176 m.
533 2141 609 2184 2]);
634 2140 796 2175 cohaeret
814 2139 940 2183 priori
963 2139 1006 2173 in
1028 2142 1061 2172 Π
1096 2140 1109 2182 Ι
1147 2143 1165 2173 1
1192 2138 1314 2183 paule,
1338 2139 1392 2174 sic
1415 2139 1549 2185 ubique
1573 2143 1598 2173 0
1620 2144 1626 2183 Ι
1655 2151 1711 2175 se-

183 2198 382 2244 pulchrum
406 2200 470 2243 ΠΙ
493 2203 515 2234 3
540 2199 703 2234 infr-enas
729 2201 761 2231 Π
782 2199 788 2242 ξ
809 2197 929 2244 leges]
955 2198 1060 2233 sedes
1083 2198 1263 2232 Boin-sius
1297 2199 1310 2242 ΙΙ
1345 2202 1368 2233 4
1392 2200 1567 2234 excorafo
1594 2201 1629 2244 (c
1652 2200 1711 2235 de-

186 2259 273 2303 leta)
296 2260 353 2303 1¹1
373 2258 473 2304 uiae]
498 2258 598 2294 fores
622 2259 681 2293 uel
705 2268 809 2293 serae
827 2257 1007 2293 Heinsius
1035 2258 1049 2302 Ι
1078 2261 1099 2292 5
1125 2257 1254 2292 furuae
1279 2258 1374 2293 idem
1404 2259 1417 2302 ΙΙ
1448 2262 1468 2293 '¹1
1492 2259 1647 2293 manent
1671 2262 1710 2299 F,

187 2327 282 2353 corr.
305 2327 374 2362 my.
399 2329 446 2352 m.
471 2320 497 2353 2
531 2318 538 2361 1
571 2318 654 2352 erat
676 2317 759 2362 (my.
784 2328 830 2352 m.
855 2320 882 2352 2
907 2317 986 2360 era)
1010 2319 1038 2350 Ε
1072 2317 1087 2360 Ι
1122 2321 1143 2352 8
1168 2316 1361 2352 umbrosos
1385 2321 1414 2351 D
1433 2320 1479 2352 V:
1506 2318 1658 2352 erbosos
1681 2321 1710 2351 F

186 2376 364 2412 herbosos
377 2379 405 2410 B
422 2387 468 2411 m.
489 2379 528 2418 2,
551 2379 584 2409 Π
604 2377 611 2420 1
631 2375 734 2411 locos
760 2375 1028 2410 Marklandus:
1053 2385 1163 2420 rogos
1182 2378 1208 2409 0
1228 2377 1361 2411 choros
1386 2376 1565 2411 Heinsius
1582 2376 1711 2412 domos

186 2435 483 2471 Hansterhusius
499 2435 513 2479 Ι
530 2438 552 2469 9
577 2435 629 2470 Ut
651 2435 799 2479 scripsi:
826 2434 887 2470 Sic
908 2437 938 2469 Ὠ
955 2435 969 2478 Ι
989 2438 1033 2468 10
1056 2434 1252 2470 Detraeret
1274 2438 1302 2468 1‘
1320 2435 1333 2479 ΙΙ
1363 2439 1405 2469 11
1432 2435 1620 2481 coiugium
1645 2439 1676 2468 V

186 2493 291 2539 pauli
314 2497 343 2528 1²
366 2505 412 2528 m.
438 2497 479 2537 1,
503 2497 533 2527 V
557 2503 668 2537 corr„
692 2496 741 2528 1¹:
766 2493 878 2538 paule
900 2490 948 2537 1»,
967 2497 1066 2544 v.⁷'²·
1093 2497 1133 2537 1,
1157 2497 1185 2526 P
1210 2495 1334 2539 corn!
1364 2499 1406 2529 13
1431 2494 1532 2529 Num
1554 2498 1600 2528 1‘:
1626 2494 1712 2529 Nun

185 2555 217 2586 V
240 2552 327 2588 Non
349 2557 378 2586 1)
396 2555 429 2586 Π
450 2553 455 2596 1
477 2552 639 2587 immites
663 2557 693 2586 1)
713 2555 743 2586 V
763 2558 770 2597 Ι
790 2552 905 2588 habui
930 2553 1042 2588 Itali:
1067 2552 1249 2588 habnito
1271 2555 1277 2596 Ι
1298 2564 1432 2598 parxas
1456 2556 1484 2586 Ε
1509 2564 1555 2589 m.
1580 2557 1601 2587 1
1626 2555 1639 2597 ΙΙ
1668 2556 1711 2587 14

187 2610 246 2646 En
268 2621 309 2649 ςε
334 2611 384 2646 Et
408 2614 433 2645 0
455 2612 461 2658 1
482 2611 629 2646 leuatur
654 2622 693 2649 ςτ
717 2611 865 2657 legatur
889 2615 915 2645 0
951 2614 964 2656 Ι
1002 2616 1045 2647 15
1070 2624 1137 2648 nos
1161 2616 1189 2646 P
1210 2613 1216 2657 Ι
1237 2612 1385 2657 paludis
1411 2612 1641 2655 Samen-insu
1669 2617 1711 2646 16

116 2663 127 2679 ⁹
190 2669 295 2715 impl.
318 2674 348 2704 Ι)
366 2673 398 2704 V
419 2670 424 2715 Ι
446 2670 536 2704 ulna
559 2670 785 2706 Schrader-us
818 2671 832 2715 Ι
862 2674 1001 2705 17-76
1027 2681 1093 2706 om.
1119 2674 1151 2704 ΙΙ
1176 2672 1264 2714 (uno
1288 2671 1378 2714 solio
1402 2671 1616 2715 interlapso)
1635 2672 1648 2714 Ι
1669 2674 1711 2705 18

187 2729 376 2774 Deprecor
399 2729 660 2774 Koppiersius:
686 2729 759 2764 Det
782 2731 889 2773 pater
913 2732 939 2763 0
964 2729 1022 2764 Da
1045 2733 1076 2763 V
1099 2741 1145 2766 m.
1171 2733 1197 2765 2
1227 2731 1233 2773 Ι
1263 2729 1350 2764 111110
1374 2740 1397 2766 ς
1422 2729 1507 2764 111110
1530 2730 1624 2764 Itali
1646 2730 1651 2774 Ι
1672 2729 1710 2763 111

189 2788 363 2832 (εωριιηω.
387 2798 433 2822 m.
459 2789 500 2831 2)
524 2788 676 2823 umbere
699 2788 821 2833 1119
847 2789 898 2823 At
920 2788 1070 2824 Nestor:
1097 2790 1173 2823 Aut
1196 2791 1222 2822 0
1240 2790 1253 2832 Ι
1271 2792 1317 2824 20
1343 2788 1377 2823 Is
1401 2788 1595 2823 Heinsius:
1622 2787 1665 2822 In
1686 2791 1711 2821 0

192 2846 236 2881 In
259 2856 320 2881 me
344 2845 567 2881 Fonteinius
587 2845 597 2892 Ι
614 2845 781 2880 uindicet
803 2849 849 2881 Ἐς
874 2846 1016 2882 iudicet
1038 2851 1068 2881 1)
1085 2850 1116 2881 V
1150 2849 1165 2892 Ι
1200 2851 1243 2882 21
1277 2849 1316 2882 et
1341 2847 1453 2882 Itali:
1477 2857 1543 2881 om.
1571 2849 1596 2880 0
1618 2848 1625 2890 Ι
1645 2846 1712 2880 mi·

189 2903 355 2942 midas:
379 2903 520 2940 minoia
538 2907 564 2938 0
585 2904 591 2951 Ι
614 2904 745 2940 sellam
763 2914 803 2941 ςε
828 2904 923 2940 sella
939 2909 968 2938 1)
981 2908 1010 2938 r
1035 2905 1129 2941 sellu.
1146 2906 1176 2940 ὦ
1195 2908 1225 2938 V
1242 2906 1256 2949 Ι
1274 2908 1319 2939 22
1339 2905 1510 2940 intendat
1528 2905 1713 2940 Graculus

259 2969 472 2997 Pmoun-nus.
1383 2968 1426 2999 13
