<?xml version="1.0" encoding="UTF-8"?>
<!DOCTYPE html PUBLIC "-//W3C//DTD XHTML 1.0 Transitional//EN"
    "http://www.w3.org/TR/xhtml1/DTD/xhtml1-transitional.dtd">
<html xmlns="http://www.w3.org/1999/xhtml" xml:lang="en" lang="en">
 <head>
  <title>
</title>
<meta http-equiv="Content-Type" content="text/html;charset=utf-8" />
  <meta name='ocr-system' content='tesseract 3.04.00' />
  <meta name='ocr-capabilities' content='ocr_page ocr_carea ocr_par ocr_line ocrx_word'/>
</head>
<body>
  <div class='ocr_page' id='page_1' title='image "./elegiarumlibrir00propuoft_0153.png"; bbox 0 0 1898 3190; ppageno 0'>
   <div class='ocr_carea' id='block_1_1' title="bbox 0 2246 26 2804">
    <p class='ocr_par' dir='ltr' id='par_1_1' title="bbox 0 2183 27 2883">
     <span class='ocr_line' id='line_1_1' title="bbox 0 2246 26 2804; textangle 90"><span class='ocrx_word' id='word_1_1' title='bbox 0 2246 26 2804; x_wconf 50' lang='lat' dir='ltr'>40mmuumuxum-——cum-</span> 
     </span>
    </p>
   </div>
   <div class='ocr_carea' id='block_1_2' title="bbox 650 180 1713 221">
    <p class='ocr_par' dir='ltr' id='par_1_2' title="bbox 650 180 1713 221">
     <span class='ocr_line' id='line_1_2' title="bbox 650 180 1713 221; baseline 0 -1"><span class='ocrx_word' id='word_1_2' title='bbox 650 183 912 220; x_wconf 83' lang='lat' dir='ltr'>PROPERTII</span> <span class='ocrx_word' id='word_1_3' title='bbox 936 183 1024 218; x_wconf 90' lang='lat' dir='ltr'>LIB.</span> <span class='ocrx_word' id='word_1_4' title='bbox 1050 183 1096 218; x_wconf 93' lang='lat' dir='ltr'>II.</span> <span class='ocrx_word' id='word_1_5' title='bbox 1123 187 1180 219; x_wconf 84' lang='lat'>31.</span> <span class='ocrx_word' id='word_1_6' title='bbox 1205 186 1262 217; x_wconf 77' lang='lat'>32.</span> <span class='ocrx_word' id='word_1_7' title='bbox 1656 180 1713 221; x_wconf 87' lang='lat'>93</span> 
     </span>
    </p>
   </div>
   <div class='ocr_carea' id='block_1_3' title="bbox 251 291 1535 702">
    <p class='ocr_par' dir='ltr' id='par_1_3' title="bbox 251 291 1535 702">
     <span class='ocr_line' id='line_1_3' title="bbox 252 291 1535 345; baseline -0.004 -11"><span class='ocrx_word' id='word_1_8' title='bbox 252 304 294 335; x_wconf 86' lang='lat'>15</span> <span class='ocrx_word' id='word_1_9' title='bbox 307 292 472 334; x_wconf 84' lang='lat' dir='ltr'>Deinde</span> <span class='ocrx_word' id='word_1_10' title='bbox 503 293 618 334; x_wconf 91' lang='lat' dir='ltr'>inter</span> <span class='ocrx_word' id='word_1_11' title='bbox 649 294 832 333; x_wconf 89' lang='lat' dir='ltr'>matrem</span> <span class='ocrx_word' id='word_1_12' title='bbox 862 292 966 334; x_wconf 82' lang='lat' dir='ltr'>deus</span> <span class='ocrx_word' id='word_1_13' title='bbox 995 291 1088 345; x_wconf 86' lang='lat' dir='ltr'>ipse</span> <span class='ocrx_word' id='word_1_14' title='bbox 1118 291 1313 344; x_wconf 85' lang='lat' dir='ltr'>interque</span> <span class='ocrx_word' id='word_1_15' title='bbox 1345 302 1535 331; x_wconf 85' lang='lat' dir='ltr'>sororem</span> 
     </span>
     <span class='ocr_line' id='line_1_4' title="bbox 251 362 1331 419; baseline -0.003 -15"><span class='ocrx_word' id='word_1_16' title='bbox 251 374 294 406; x_wconf 81' lang='lat'>16</span> <span class='ocrx_word' id='word_1_17' title='bbox 366 362 548 418; x_wconf 83' lang='lat' dir='ltr'>Pythius</span> <span class='ocrx_word' id='word_1_18' title='bbox 579 364 624 405; x_wconf 89' lang='lat' dir='ltr'>in</span> <span class='ocrx_word' id='word_1_19' title='bbox 654 364 786 419; x_wconf 88' lang='lat' dir='ltr'>longa</span> <span class='ocrx_word' id='word_1_20' title='bbox 817 362 1010 405; x_wconf 86' lang='lat' dir='ltr'>carmina</span> <span class='ocrx_word' id='word_1_21' title='bbox 1041 364 1162 404; x_wconf 86' lang='lat' dir='ltr'>ueste</span> <span class='ocrx_word' id='word_1_22' title='bbox 1194 363 1331 403; x_wconf 85' lang='lat' dir='ltr'>sonat.</span> 
     </span>
     <span class='ocr_line' id='line_1_5' title="bbox 271 431 1468 486; baseline -0.003 -10"><span class='ocrx_word' id='word_1_23' title='bbox 271 433 389 476; x_wconf 82' lang='lat' dir='ltr'>5Hic</span> <span class='ocrx_word' id='word_1_24' title='bbox 420 434 619 477; x_wconf 88' lang='lat' dir='ltr'>Phoebus</span> <span class='ocrx_word' id='word_1_25' title='bbox 651 433 828 476; x_wconf 85' lang='lat' dir='ltr'><strong>Phoebo</strong></span> <span class='ocrx_word' id='word_1_26' title='bbox 860 433 979 475; x_wconf 83' lang='lat' dir='ltr'>uisus</span> <span class='ocrx_word' id='word_1_27' title='bbox 1012 432 1120 474; x_wconf 89' lang='lat' dir='ltr'>mihi</span> <span class='ocrx_word' id='word_1_28' title='bbox 1151 431 1342 486; x_wconf 85' lang='lat' dir='ltr'>pulcrior</span> <span class='ocrx_word' id='word_1_29' title='bbox 1372 431 1468 485; x_wconf 90' lang='lat' dir='ltr'>ipso</span> 
     </span>
     <span class='ocr_line' id='line_1_6' title="bbox 365 502 1295 557; baseline -0.004 -10"><span class='ocrx_word' id='word_1_30' title='bbox 365 505 632 547; x_wconf 84' lang='lat' dir='ltr'>Marmoreus</span> <span class='ocrx_word' id='word_1_31' title='bbox 663 505 798 547; x_wconf 86' lang='lat' dir='ltr'>tacita</span> <span class='ocrx_word' id='word_1_32' title='bbox 828 518 1001 546; x_wconf 86' lang='lat' dir='ltr'>carmen</span> <span class='ocrx_word' id='word_1_33' title='bbox 1029 503 1151 545; x_wconf 83' lang='lat' dir='ltr'>hiare</span> <span class='ocrx_word' id='word_1_34' title='bbox 1181 502 1295 557; x_wconf 83' lang='lat' dir='ltr'>lyra,</span> 
     </span>
     <span class='ocr_line' id='line_1_7' title="bbox 306 571 1508 632; baseline -0.004 -14"><span class='ocrx_word' id='word_1_35' title='bbox 306 575 450 632; x_wconf 92' lang='lat' dir='ltr'>Atque</span> <span class='ocrx_word' id='word_1_36' title='bbox 482 591 601 618; x_wconf 85' lang='lat' dir='ltr'>aram</span> <span class='ocrx_word' id='word_1_37' title='bbox 632 574 792 618; x_wconf 80' lang='lat' dir='ltr'>circ&#39;um</span> <span class='ocrx_word' id='word_1_38' title='bbox 824 576 1037 616; x_wconf 84' lang='lat' dir='ltr'>steterunt</span> <span class='ocrx_word' id='word_1_39' title='bbox 1068 575 1263 615; x_wconf 88' lang='lat' dir='ltr'>armenta</span> <span class='ocrx_word' id='word_1_40' title='bbox 1293 571 1508 627; x_wconf 83' lang='lat' dir='ltr'>Myronis,</span> 
     </span>
     <span class='ocr_line' id='line_1_8' title="bbox 272 645 1348 702; baseline -0.002 -14"><span class='ocrx_word' id='word_1_41' title='bbox 272 657 294 688; x_wconf 88' lang='lat'>8</span> <span class='ocrx_word' id='word_1_42' title='bbox 368 645 581 696; x_wconf 82' lang='lat' dir='ltr'>Quattuor</span> <span class='ocrx_word' id='word_1_43' title='bbox 612 647 816 702; x_wconf 87' lang='lat' dir='ltr'>artifices,</span> <span class='ocrx_word' id='word_1_44' title='bbox 847 646 994 688; x_wconf 81' lang='lat' dir='ltr'>uiuida</span> <span class='ocrx_word' id='word_1_45' title='bbox 1026 646 1172 701; x_wconf 84' lang='lat' dir='ltr'>signa,</span> <span class='ocrx_word' id='word_1_46' title='bbox 1202 645 1348 686; x_wconf 85' lang='lat' dir='ltr'>boues.</span> 
     </span>
    </p>
   </div>
   <div class='ocr_carea' id='block_1_4' title="bbox 178 755 1082 1337">
    <p class='ocr_par' dir='ltr' id='par_1_4' title="bbox 178 755 1082 839">
     <span class='ocr_line' id='line_1_9' title="bbox 178 755 961 804; baseline -0.003 -22"><span class='ocrx_word' id='word_1_47' title='bbox 178 782 200 804; x_wconf 71' lang='lat'><strong>·</strong></span> <span class='ocrx_word' id='word_1_48' title='bbox 938 755 961 780; x_wconf 84' lang='lat'>*</span> 
     </span>
     <span class='ocr_line' id='line_1_10' title="bbox 821 814 1082 839; baseline -0.004 0"><span class='ocrx_word' id='word_1_49' title='bbox 821 814 844 839; x_wconf 82' lang='lat'>*</span> <span class='ocrx_word' id='word_1_50' title='bbox 1057 814 1082 838; x_wconf 82' lang='lat'><em>*</em></span> 
     </span>
    </p>

    <p class='ocr_par' dir='ltr' id='par_1_5' title="bbox 819 1254 1079 1337">
     <span class='ocr_line' id='line_1_11' title="bbox 938 1254 962 1278; baseline 0 -5"><span class='ocrx_word' id='word_1_51' title='bbox 938 1254 962 1278; x_wconf 79' lang='lat'><strong><em>*</em></strong></span> 
     </span>
     <span class='ocr_line' id='line_1_12' title="bbox 819 1312 1079 1337; baseline -0.004 0"><span class='ocrx_word' id='word_1_52' title='bbox 819 1312 843 1337; x_wconf 84' lang='grc'><em>*</em></span> <span class='ocrx_word' id='word_1_53' title='bbox 1055 1312 1079 1336; x_wconf 83' lang='grc'>*</span> 
     </span>
    </p>
   </div>
   <div class='ocr_carea' id='block_1_5' title="bbox 271 1390 1502 1802">
    <p class='ocr_par' dir='ltr' id='par_1_6' title="bbox 271 1390 1502 1802">
     <span class='ocr_line' id='line_1_13' title="bbox 309 1390 1470 1447; baseline -0.002 -13"><span class='ocrx_word' id='word_1_54' title='bbox 309 1391 392 1442; x_wconf 85' lang='lat' dir='ltr'>Qui</span> <span class='ocrx_word' id='word_1_55' title='bbox 422 1392 559 1447; x_wconf 84' lang='lat' dir='ltr'>uidet,</span> <span class='ocrx_word' id='word_1_56' title='bbox 589 1392 627 1434; x_wconf 86' lang='lat' dir='ltr'>is</span> <span class='ocrx_word' id='word_1_57' title='bbox 658 1394 831 1447; x_wconf 80' lang='lat' dir='ltr'>peccat3</span> <span class='ocrx_word' id='word_1_58' title='bbox 863 1391 935 1447; x_wconf 91' lang='lat' dir='ltr'>qui</span> <span class='ocrx_word' id='word_1_59' title='bbox 966 1394 1009 1432; x_wconf 88' lang='lat' dir='ltr'>te</span> <span class='ocrx_word' id='word_1_60' title='bbox 1040 1405 1127 1433; x_wconf 89' lang='lat' dir='ltr'>non</span> <span class='ocrx_word' id='word_1_61' title='bbox 1159 1390 1318 1432; x_wconf 90' lang='lat' dir='ltr'>uiderit</span> <span class='ocrx_word' id='word_1_62' title='bbox 1347 1404 1470 1446; x_wconf 82' lang='lat' dir='ltr'>ergo,</span> 
     </span>
     <span class='ocr_line' id='line_1_14' title="bbox 364 1461 1384 1518; baseline -0.002 -13"><span class='ocrx_word' id='word_1_63' title='bbox 364 1461 465 1505; x_wconf 91' lang='lat' dir='ltr'>Non</span> <span class='ocrx_word' id='word_1_64' title='bbox 496 1464 657 1518; x_wconf 90' lang='lat' dir='ltr'>cupiet:</span> <span class='ocrx_word' id='word_1_65' title='bbox 689 1463 793 1505; x_wconf 87' lang='lat' dir='ltr'>facti</span> <span class='ocrx_word' id='word_1_66' title='bbox 824 1463 989 1504; x_wconf 87' lang='lat' dir='ltr'>lumina</span> <span class='ocrx_word' id='word_1_67' title='bbox 1021 1462 1180 1504; x_wconf 84' lang='lat' dir='ltr'>crimen</span> <span class='ocrx_word' id='word_1_68' title='bbox 1210 1462 1384 1504; x_wconf 87' lang='lat' dir='ltr'>habent.</span> 
     </span>
     <span class='ocr_line' id='line_1_15' title="bbox 305 1532 1502 1588; baseline -0.002 -13"><span class='ocrx_word' id='word_1_69' title='bbox 305 1532 421 1575; x_wconf 91' lang='lat' dir='ltr'>Nam</span> <span class='ocrx_word' id='word_1_70' title='bbox 451 1533 554 1588; x_wconf 90' lang='lat' dir='ltr'>quid</span> <span class='ocrx_word' id='word_1_71' title='bbox 583 1533 808 1576; x_wconf 78' lang='lat' dir='ltr'>Praenesti</span> <span class='ocrx_word' id='word_1_72' title='bbox 840 1533 1014 1588; x_wconf 85' lang='lat' dir='ltr'>dubias,</span> <span class='ocrx_word' id='word_1_73' title='bbox 1045 1548 1070 1575; x_wconf 94' lang='lat' dir='ltr'>o</span> <span class='ocrx_word' id='word_1_74' title='bbox 1103 1532 1310 1588; x_wconf 79' lang='lat' dir='ltr'>Cynthia,</span> <span class='ocrx_word' id='word_1_75' title='bbox 1343 1534 1502 1585; x_wconf 80' lang='lat' dir='ltr'>sortes,</span> 
     </span>
     <span class='ocr_line' id='line_1_16' title="bbox 365 1603 1249 1659; baseline -0.001 -13"><span class='ocrx_word' id='word_1_76' title='bbox 365 1603 475 1659; x_wconf 86' lang='lat' dir='ltr'>Quid</span> <span class='ocrx_word' id='word_1_77' title='bbox 505 1605 617 1659; x_wconf 88' lang='lat' dir='ltr'>petis</span> <span class='ocrx_word' id='word_1_78' title='bbox 650 1604 783 1646; x_wconf 87' lang='lat' dir='ltr'>Aeaei</span> <span class='ocrx_word' id='word_1_79' title='bbox 814 1605 982 1646; x_wconf 82' lang='lat' dir='ltr'>moenia</span> <span class='ocrx_word' id='word_1_80' title='bbox 1013 1603 1249 1659; x_wconf 84' lang='lat' dir='ltr'>Telogoni‘?</span> 
     </span>
     <span class='ocr_line' id='line_1_17' title="bbox 273 1672 1501 1729; baseline -0.002 -12"><span class='ocrx_word' id='word_1_81' title='bbox 273 1674 395 1718; x_wconf 83' lang='lat' dir='ltr'>5Cur</span> <span class='ocrx_word' id='word_1_82' title='bbox 423 1678 500 1717; x_wconf 87' lang='lat' dir='ltr'>tua</span> <span class='ocrx_word' id='word_1_83' title='bbox 529 1678 572 1717; x_wconf 88' lang='lat' dir='ltr'>te</span> <span class='ocrx_word' id='word_1_84' title='bbox 603 1674 863 1717; x_wconf 87' lang='lat' dir='ltr'>Herculeum</span> <span class='ocrx_word' id='word_1_85' title='bbox 894 1675 1123 1729; x_wconf 86' lang='lat' dir='ltr'>deportant</span> <span class='ocrx_word' id='word_1_86' title='bbox 1154 1674 1304 1716; x_wconf 84' lang='lat' dir='ltr'>esseda</span> <span class='ocrx_word' id='word_1_87' title='bbox 1336 1672 1501 1715; x_wconf 84' lang='lat' dir='ltr'>Tibur?</span> 
     </span>
     <span class='ocr_line' id='line_1_18' title="bbox 271 1743 1287 1802; baseline -0.003 -14"><span class='ocrx_word' id='word_1_88' title='bbox 271 1758 292 1789; x_wconf 83' lang='lat'><strong>6</strong></span> <span class='ocrx_word' id='word_1_89' title='bbox 365 1745 510 1802; x_wconf 83' lang='lat' dir='ltr'>Appia</span> <span class='ocrx_word' id='word_1_90' title='bbox 541 1760 615 1788; x_wconf 87' lang='lat' dir='ltr'>cur</span> <span class='ocrx_word' id='word_1_91' title='bbox 645 1746 805 1788; x_wconf 86' lang='lat' dir='ltr'>totiens</span> <span class='ocrx_word' id='word_1_92' title='bbox 836 1748 879 1787; x_wconf 91' lang='lat' dir='ltr'>te</span> <span class='ocrx_word' id='word_1_93' title='bbox 911 1746 983 1787; x_wconf 83' lang='lat' dir='ltr'>uia</span> <span class='ocrx_word' id='word_1_94' title='bbox 1012 1743 1287 1787; x_wconf 81' lang='lat' dir='ltr'>Lanuuium?</span> 
     </span>
    </p>
   </div>
   <div class='ocr_carea' id='block_1_6' title="bbox 187 1877 470 1882">
    <p class='ocr_par' dir='ltr' id='par_1_7' title="bbox 187 1877 470 1882">
     <span class='ocr_line' id='line_1_19' title="bbox 187 1877 470 1882; baseline 0 0"><span class='ocrx_word' id='word_1_95' title='bbox 187 1877 470 1882; x_wconf 95' lang='lat' dir='ltr'> </span> 
     </span>
    </p>
   </div>
   <div class='ocr_carea' id='block_1_7' title="bbox 186 1956 1715 2061">
    <p class='ocr_par' dir='ltr' id='par_1_8' title="bbox 186 1956 1715 2061">
     <span class='ocr_line' id='line_1_20' title="bbox 282 1956 1715 2003; baseline -0.001 -11"><span class='ocrx_word' id='word_1_96' title='bbox 282 1957 371 1992; x_wconf 66' lang='lat' dir='ltr'>Vm.</span> <span class='ocrx_word' id='word_1_97' title='bbox 398 1969 497 1993; x_wconf 61' lang='lat' dir='ltr'>mec-r.</span> <span class='ocrx_word' id='word_1_98' title='bbox 548 1961 592 1992; x_wconf 76' lang='lat'>14</span> <span class='ocrx_word' id='word_1_99' title='bbox 612 1957 817 2003; x_wconf 85' lang='lat' dir='ltr'>maerebat]</span> <span class='ocrx_word' id='word_1_100' title='bbox 843 1968 900 1992; x_wconf 81' lang='lat' dir='ltr'>res</span> <span class='ocrx_word' id='word_1_101' title='bbox 918 1957 1061 1992; x_wconf 82' lang='lat' dir='ltr'>Phoebo</span> <span class='ocrx_word' id='word_1_102' title='bbox 1084 1956 1260 2001; x_wconf 79' lang='lat' dir='ltr'>yloriosas</span> <span class='ocrx_word' id='word_1_103' title='bbox 1284 1956 1379 1998; x_wconf 80' lang='lat' dir='ltr'>fores</span> <span class='ocrx_word' id='word_1_104' title='bbox 1397 1956 1592 1990; x_wconf 75' lang='lat' dir='ltr'>maeruisse</span> <span class='ocrx_word' id='word_1_105' title='bbox 1611 1967 1715 2001; x_wconf 73' lang='lat' dir='ltr'>aeqre</span> 
     </span>
     <span class='ocr_line' id='line_1_21' title="bbox 186 2014 1713 2061; baseline -0.002 -10"><span class='ocrx_word' id='word_1_106' title='bbox 186 2017 280 2060; x_wconf 76' lang='lat' dir='ltr'>fer-03</span> <span class='ocrx_word' id='word_1_107' title='bbox 305 2027 394 2052; x_wconf 75' lang='lat' dir='ltr'>num</span> <span class='ocrx_word' id='word_1_108' title='bbox 417 2016 594 2051; x_wconf 84' lang='lat' dir='ltr'>narrabat</span> <span class='ocrx_word' id='word_1_109' title='bbox 611 2016 631 2051; x_wconf 76' lang='lat'>.9</span> <span class='ocrx_word' id='word_1_110' title='bbox 649 2017 662 2061; x_wconf 76' lang='lat' dir='ltr'>fl</span> <span class='ocrx_word' id='word_1_111' title='bbox 682 2020 725 2052; x_wconf 81' lang='lat'>16</span> <span class='ocrx_word' id='word_1_112' title='bbox 751 2015 925 2051; x_wconf 84' lang='lat' dir='ltr'>Phithius</span> <span class='ocrx_word' id='word_1_113' title='bbox 942 2019 970 2049; x_wconf 75' lang='lat' dir='ltr'>F</span> <span class='ocrx_word' id='word_1_114' title='bbox 995 2015 1142 2050; x_wconf 84' lang='lat' dir='ltr'>Pithius</span> <span class='ocrx_word' id='word_1_115' title='bbox 1160 2017 1192 2048; x_wconf 70' lang='lat' dir='ltr'>B</span> <span class='ocrx_word' id='word_1_116' title='bbox 1210 2015 1222 2058; x_wconf 76' lang='lat' dir='ltr'>fl</span> <span class='ocrx_word' id='word_1_117' title='bbox 1241 2017 1262 2049; x_wconf 85' lang='lat'>5</span> <span class='ocrx_word' id='word_1_118' title='bbox 1287 2014 1459 2049; x_wconf 84' lang='lat' dir='ltr'>Phoebus</span> <span class='ocrx_word' id='word_1_119' title='bbox 1484 2014 1713 2059; x_wconf 81' lang='lat' dir='ltr'>Hoeufftius:</span> 
     </span>
    </p>
   </div>
   <div class='ocr_carea' id='block_1_8' title="bbox 129 2073 1712 2120">
    <p class='ocr_par' dir='ltr' id='par_1_9' title="bbox 129 2073 1712 2120">
     <span class='ocr_line' id='line_1_22' title="bbox 129 2073 1712 2120; baseline -0.002 -10"><span class='ocrx_word' id='word_1_120' title='bbox 129 2092 135 2096; x_wconf 90' lang='lat'><strong>·</strong></span> <span class='ocrx_word' id='word_1_121' title='bbox 187 2074 360 2119; x_wconf 85' lang='lat' dir='ltr'>equidem</span> <span class='ocrx_word' id='word_1_122' title='bbox 383 2078 411 2108; x_wconf 74' lang='lat' dir='ltr'>F</span> <span class='ocrx_word' id='word_1_123' title='bbox 428 2078 477 2118; x_wconf 64' lang='lat'>11,</span> <span class='ocrx_word' id='word_1_124' title='bbox 510 2078 542 2109; x_wconf 80' lang='lat' dir='ltr'>et</span> <span class='ocrx_word' id='word_1_125' title='bbox 565 2077 595 2107; x_wconf 99' lang='lat' dir='ltr'><strong>V</strong></span> <span class='ocrx_word' id='word_1_126' title='bbox 619 2076 675 2110; x_wconf 81' lang='lat' dir='ltr'>ita</span> <span class='ocrx_word' id='word_1_127' title='bbox 699 2078 741 2110; x_wconf 79' lang='lat' dir='ltr'>ut</span> <span class='ocrx_word' id='word_1_128' title='bbox 765 2074 830 2119; x_wconf 89' lang='lat' dir='ltr'>qui</span> <span class='ocrx_word' id='word_1_129' title='bbox 855 2076 907 2120; x_wconf 81' lang='lat' dir='ltr'>(q)</span> <span class='ocrx_word' id='word_1_130' title='bbox 937 2075 1091 2118; x_wconf 82' lang='lat' dir='ltr'>fortasse</span> <span class='ocrx_word' id='word_1_131' title='bbox 1121 2085 1165 2109; x_wconf 73' lang='lat' dir='ltr'>ex</span> <span class='ocrx_word' id='word_1_132' title='bbox 1195 2077 1402 2108; x_wconf 79' lang='lat' dir='ltr'>correctura</span> <span class='ocrx_word' id='word_1_133' title='bbox 1425 2074 1491 2116; x_wconf 83' lang='lat' dir='ltr'>sit,</span> <span class='ocrx_word' id='word_1_134' title='bbox 1529 2073 1658 2109; x_wconf 85' lang='lat' dir='ltr'>eadem</span> <span class='ocrx_word' id='word_1_135' title='bbox 1684 2078 1712 2107; x_wconf 80' lang='grc' dir='ltr'>Ι)</span> 
     </span>
    </p>
   </div>
   <div class='ocr_carea' id='block_1_9' title="bbox 184 2131 1714 2956">
    <p class='ocr_par' dir='ltr' id='par_1_10' title="bbox 186 2131 1713 2352">
     <span class='ocr_line' id='line_1_23' title="bbox 186 2131 1712 2179; baseline -0.001 -11"><span class='ocrx_word' id='word_1_136' title='bbox 186 2133 339 2178; x_wconf 80' lang='lat' dir='ltr'>quidam</span> <span class='ocrx_word' id='word_1_137' title='bbox 366 2134 617 2169; x_wconf 77' lang='lat' dir='ltr'>Marklandus</span> <span class='ocrx_word' id='word_1_138' title='bbox 637 2135 643 2179; x_wconf 85' lang='grc' dir='ltr'>Ι</span> <span class='ocrx_word' id='word_1_139' title='bbox 664 2134 855 2179; x_wconf 88' lang='lat' dir='ltr'>pulchrior</span> <span class='ocrx_word' id='word_1_140' title='bbox 879 2134 980 2169; x_wconf 82' lang='lat' dir='ltr'>codd.</span> <span class='ocrx_word' id='word_1_141' title='bbox 1006 2135 1151 2178; x_wconf 80' lang='lat' dir='ltr'>praeter</span> <span class='ocrx_word' id='word_1_142' title='bbox 1173 2136 1201 2166; x_wconf 74' lang='lat' dir='ltr'>F</span> <span class='ocrx_word' id='word_1_143' title='bbox 1232 2134 1245 2177; x_wconf 76' lang='grc' dir='ltr'>ΙΙ</span> <span class='ocrx_word' id='word_1_144' title='bbox 1277 2137 1298 2167; x_wconf 87' lang='grc'><strong>6</strong></span> <span class='ocrx_word' id='word_1_145' title='bbox 1323 2131 1402 2167; x_wconf 86' lang='lat' dir='ltr'>iare</span> <span class='ocrx_word' id='word_1_146' title='bbox 1426 2135 1454 2165; x_wconf 79' lang='lat' dir='ltr'>P</span> <span class='ocrx_word' id='word_1_147' title='bbox 1478 2144 1524 2167; x_wconf 88' lang='lat' dir='ltr'>m.</span> <span class='ocrx_word' id='word_1_148' title='bbox 1550 2136 1570 2167; x_wconf 91' lang='lat'><strong><em>1</em></strong></span> <span class='ocrx_word' id='word_1_149' title='bbox 1597 2133 1712 2177; x_wconf 79' lang='lat' dir='ltr'>hyare</span> 
     </span>
     <span class='ocr_line' id='line_1_24' title="bbox 186 2192 1713 2239; baseline 0.001 -13"><span class='ocrx_word' id='word_1_150' title='bbox 186 2195 219 2226; x_wconf 67' lang='grc' dir='ltr'><strong><em>Η</em></strong></span> <span class='ocrx_word' id='word_1_151' title='bbox 242 2192 380 2228; x_wconf 85' lang='lat' dir='ltr'>habere</span> <span class='ocrx_word' id='word_1_152' title='bbox 403 2197 433 2227; x_wconf 79' lang='lat'>1)</span> <span class='ocrx_word' id='word_1_153' title='bbox 459 2196 506 2239; x_wconf 82' lang='lat' dir='ltr'>(et</span> <span class='ocrx_word' id='word_1_154' title='bbox 530 2196 560 2226; x_wconf 93' lang='lat' dir='ltr'><strong>V</strong></span> <span class='ocrx_word' id='word_1_155' title='bbox 583 2204 652 2238; x_wconf 73' lang='lat' dir='ltr'>my.</span> <span class='ocrx_word' id='word_1_156' title='bbox 677 2205 723 2229; x_wconf 89' lang='lat' dir='ltr'>m.</span> <span class='ocrx_word' id='word_1_157' title='bbox 749 2195 790 2235; x_wconf 83' lang='lat'>2)</span> <span class='ocrx_word' id='word_1_158' title='bbox 809 2194 822 2238; x_wconf 86' lang='grc' dir='ltr'>ΙΙ</span> <span class='ocrx_word' id='word_1_159' title='bbox 841 2197 860 2227; x_wconf 84' lang='grc'>’1</span> <span class='ocrx_word' id='word_1_160' title='bbox 887 2193 1070 2228; x_wconf 80' lang='lat' dir='ltr'>steterunt</span> <span class='ocrx_word' id='word_1_161' title='bbox 1091 2195 1138 2226; x_wconf 80' lang='lat' dir='ltr'>F:</span> <span class='ocrx_word' id='word_1_162' title='bbox 1165 2192 1349 2227; x_wconf 79' lang='lat' dir='ltr'>steterant</span> <span class='ocrx_word' id='word_1_163' title='bbox 1372 2194 1400 2224; x_wconf 81' lang='lat'>1)</span> <span class='ocrx_word' id='word_1_164' title='bbox 1414 2193 1444 2224; x_wconf 89' lang='lat' dir='ltr'><strong>V</strong></span> <span class='ocrx_word' id='word_1_165' title='bbox 1458 2194 1490 2224; x_wconf 69' lang='lat' dir='ltr'>X</span> <span class='ocrx_word' id='word_1_166' title='bbox 1514 2192 1713 2227; x_wconf 80' lang='lat' dir='ltr'>steterant-</span> 
     </span>
     <span class='ocr_line' id='line_1_25' title="bbox 187 2250 1712 2297; baseline -0.001 -12"><span class='ocrx_word' id='word_1_167' title='bbox 187 2261 259 2295; x_wconf 88' lang='lat' dir='ltr'>que</span> <span class='ocrx_word' id='word_1_168' title='bbox 283 2254 311 2285; x_wconf 77' lang='lat' dir='ltr'><strong>r</strong></span> <span class='ocrx_word' id='word_1_169' title='bbox 334 2263 381 2287; x_wconf 89' lang='lat' dir='ltr'>m.</span> <span class='ocrx_word' id='word_1_170' title='bbox 405 2255 431 2288; x_wconf 83' lang='lat'><strong><em>2</em></strong></span> <span class='ocrx_word' id='word_1_171' title='bbox 461 2253 475 2297; x_wconf 72' lang='grc' dir='ltr'>ΙΙ</span> <span class='ocrx_word' id='word_1_172' title='bbox 506 2255 527 2287; x_wconf 88' lang='lat'>8</span> <span class='ocrx_word' id='word_1_173' title='bbox 553 2251 721 2294; x_wconf 84' lang='lat' dir='ltr'>Quatuor</span> <span class='ocrx_word' id='word_1_174' title='bbox 746 2255 771 2285; x_wconf 90' lang='grc'><strong>0</strong></span> <span class='ocrx_word' id='word_1_175' title='bbox 806 2256 811 2296; x_wconf 84' lang='grc' dir='ltr'>Ι</span> <span class='ocrx_word' id='word_1_176' title='bbox 842 2251 993 2287; x_wconf 81' lang='lat' dir='ltr'>artificis</span> <span class='ocrx_word' id='word_1_177' title='bbox 1019 2255 1062 2295; x_wconf 82' lang='lat'>⁰3</span> <span class='ocrx_word' id='word_1_178' title='bbox 1089 2251 1250 2286; x_wconf 79' lang='lat' dir='ltr'>artifices</span> <span class='ocrx_word' id='word_1_179' title='bbox 1275 2251 1386 2295; x_wconf 77' lang='lat' dir='ltr'>uulyo</span> <span class='ocrx_word' id='word_1_180' title='bbox 1415 2252 1420 2294; x_wconf 85' lang='grc' dir='ltr'>Ι</span> <span class='ocrx_word' id='word_1_181' title='bbox 1446 2250 1575 2286; x_wconf 83' lang='lat' dir='ltr'>inuida</span> <span class='ocrx_word' id='word_1_182' title='bbox 1598 2255 1628 2284; x_wconf 82' lang='lat'>1)</span> <span class='ocrx_word' id='word_1_183' title='bbox 1647 2253 1678 2284; x_wconf 92' lang='lat' dir='ltr'><strong>V</strong></span> <span class='ocrx_word' id='word_1_184' title='bbox 1701 2251 1712 2296; x_wconf 52' lang='lat' dir='ltr'>l}</span> 
     </span>
     <span class='ocr_line' id='line_1_26' title="bbox 187 2309 752 2352; baseline 0.004 -8"><span class='ocrx_word' id='word_1_185' title='bbox 187 2309 295 2352; x_wconf 67' lang='lat' dir='ltr'>finem</span> <span class='ocrx_word' id='word_1_186' title='bbox 318 2311 433 2346; x_wconf 85' lang='lat' dir='ltr'>deesse</span> <span class='ocrx_word' id='word_1_187' title='bbox 456 2311 554 2346; x_wconf 77' lang='lat' dir='ltr'>uidit</span> <span class='ocrx_word' id='word_1_188' title='bbox 581 2311 752 2346; x_wconf 69' lang='lat' dir='ltr'>Pmeius</span> 
     </span>
    </p>

    <p class='ocr_par' dir='ltr' id='par_1_11' title="bbox 184 2380 1714 2956">
     <span class='ocr_line' id='line_1_27' title="bbox 284 2380 1713 2426; baseline 0 -10"><span class='ocrx_word' id='word_1_189' title='bbox 284 2380 432 2416; x_wconf 91' lang='lat' dir='ltr'>XXXII.</span> <span class='ocrx_word' id='word_1_190' title='bbox 482 2382 664 2416; x_wconf 78' lang='lat' dir='ltr'>Adhaeret</span> <span class='ocrx_word' id='word_1_191' title='bbox 682 2381 806 2426; x_wconf 78' lang='lat' dir='ltr'>priori</span> <span class='ocrx_word' id='word_1_192' title='bbox 830 2382 872 2416; x_wconf 73' lang='lat' dir='ltr'>in</span> <span class='ocrx_word' id='word_1_193' title='bbox 891 2384 934 2424; x_wconf 79' lang='lat'>03</span> <span class='ocrx_word' id='word_1_194' title='bbox 959 2381 1110 2416; x_wconf 79' lang='lat' dir='ltr'>initium</span> <span class='ocrx_word' id='word_1_195' title='bbox 1134 2382 1249 2416; x_wconf 77' lang='lat' dir='ltr'>deesse</span> <span class='ocrx_word' id='word_1_196' title='bbox 1273 2381 1370 2416; x_wconf 79' lang='lat' dir='ltr'>uidit</span> <span class='ocrx_word' id='word_1_197' title='bbox 1389 2380 1588 2426; x_wconf 68' lang='lat' dir='ltr'>Perreiusfl</span> <span class='ocrx_word' id='word_1_198' title='bbox 1610 2385 1627 2415; x_wconf 94' lang='lat'>1</span> <span class='ocrx_word' id='word_1_199' title='bbox 1654 2381 1713 2416; x_wconf 81' lang='lat' dir='ltr'>his</span> 
     </span>
     <span class='ocr_line' id='line_1_28' title="bbox 189 2439 1713 2485; baseline 0.001 -12"><span class='ocrx_word' id='word_1_200' title='bbox 189 2442 217 2472; x_wconf 79' lang='lat'>1·</span> <span class='ocrx_word' id='word_1_201' title='bbox 239 2441 244 2484; x_wconf 89' lang='grc' dir='ltr'>Ι</span> <span class='ocrx_word' id='word_1_202' title='bbox 266 2451 339 2475; x_wconf 88' lang='lat' dir='ltr'>non</span> <span class='ocrx_word' id='word_1_203' title='bbox 364 2441 402 2474; x_wconf 89' lang='lat' dir='ltr'>te</span> <span class='ocrx_word' id='word_1_204' title='bbox 426 2444 455 2474; x_wconf 86' lang='lat' dir='ltr'><strong>D</strong></span> <span class='ocrx_word' id='word_1_205' title='bbox 474 2443 504 2474; x_wconf 83' lang='lat' dir='ltr'><strong>V</strong></span> <span class='ocrx_word' id='word_1_206' title='bbox 522 2442 535 2485; x_wconf 87' lang='grc' dir='ltr'>ΙΙ</span> <span class='ocrx_word' id='word_1_207' title='bbox 559 2444 580 2475; x_wconf 78' lang='grc'>2</span> <span class='ocrx_word' id='word_1_208' title='bbox 606 2439 747 2475; x_wconf 82' lang='lat' dir='ltr'>lumina</span> <span class='ocrx_word' id='word_1_209' title='bbox 772 2440 912 2475; x_wconf 88' lang='lat' dir='ltr'>crimen</span> <span class='ocrx_word' id='word_1_210' title='bbox 937 2440 1132 2475; x_wconf 75' lang='lat' dir='ltr'>Heinsius:</span> <span class='ocrx_word' id='word_1_211' title='bbox 1159 2439 1316 2476; x_wconf 84' lang='lat' dir='ltr'>crimina</span> <span class='ocrx_word' id='word_1_212' title='bbox 1338 2439 1465 2474; x_wconf 90' lang='lat' dir='ltr'>lumen</span> <span class='ocrx_word' id='word_1_213' title='bbox 1491 2442 1515 2473; x_wconf 88' lang='grc'><strong>0</strong></span> <span class='ocrx_word' id='word_1_214' title='bbox 1538 2441 1543 2484; x_wconf 77' lang='grc' dir='ltr'>Ι</span> <span class='ocrx_word' id='word_1_215' title='bbox 1572 2440 1713 2475; x_wconf 86' lang='lat' dir='ltr'>habent</span> 
     </span>
     <span class='ocr_line' id='line_1_29' title="bbox 191 2498 1714 2545; baseline 0.002 -13"><span class='ocrx_word' id='word_1_216' title='bbox 191 2500 233 2532; x_wconf 89' lang='lat'>0:</span> <span class='ocrx_word' id='word_1_217' title='bbox 258 2498 375 2533; x_wconf 90' lang='lat' dir='ltr'>habet</span> <span class='ocrx_word' id='word_1_218' title='bbox 399 2509 421 2536; x_wconf 88' lang='grc' dir='ltr'><strong>ς</strong></span> <span class='ocrx_word' id='word_1_219' title='bbox 450 2500 464 2544; x_wconf 81' lang='lat'>11</span> <span class='ocrx_word' id='word_1_220' title='bbox 494 2503 515 2533; x_wconf 91' lang='lat'><strong>3</strong></span> <span class='ocrx_word' id='word_1_221' title='bbox 540 2498 606 2543; x_wconf 91' lang='lat' dir='ltr'>qui</span> <span class='ocrx_word' id='word_1_222' title='bbox 629 2503 674 2544; x_wconf 74' lang='lat' dir='ltr'>F,</span> <span class='ocrx_word' id='word_1_223' title='bbox 699 2510 791 2535; x_wconf 86' lang='lat' dir='ltr'>corr.</span> <span class='ocrx_word' id='word_1_224' title='bbox 816 2511 885 2545; x_wconf 74' lang='lat' dir='ltr'>my.</span> <span class='ocrx_word' id='word_1_225' title='bbox 914 2501 920 2544; x_wconf 92' lang='grc' dir='ltr'>Ι</span> <span class='ocrx_word' id='word_1_226' title='bbox 951 2499 1161 2535; x_wconf 77' lang='lat' dir='ltr'>Praenestis</span> <span class='ocrx_word' id='word_1_227' title='bbox 1187 2500 1283 2535; x_wconf 74' lang='lat' dir='ltr'>Itali</span> <span class='ocrx_word' id='word_1_228' title='bbox 1306 2499 1504 2534; x_wconf 81' lang='lat' dir='ltr'>Praeneste</span> <span class='ocrx_word' id='word_1_229' title='bbox 1530 2499 1567 2534; x_wconf 91' lang='lat' dir='ltr'>in</span> <span class='ocrx_word' id='word_1_230' title='bbox 1594 2499 1714 2535; x_wconf 81' lang='lat' dir='ltr'>Lach-</span> 
     </span>
     <span class='ocr_line' id='line_1_30' title="bbox 189 2557 1711 2605; baseline 0.002 -14"><span class='ocrx_word' id='word_1_231' title='bbox 189 2567 348 2592; x_wconf 79' lang='lat' dir='ltr'>mannus</span> <span class='ocrx_word' id='word_1_232' title='bbox 382 2558 395 2603; x_wconf 82' lang='grc' dir='ltr'>ΙΙ</span> <span class='ocrx_word' id='word_1_233' title='bbox 431 2562 454 2592; x_wconf 82' lang='grc'>4</span> <span class='ocrx_word' id='word_1_234' title='bbox 491 2559 572 2593; x_wconf 77' lang='lat' dir='ltr'>eaei</span> <span class='ocrx_word' id='word_1_235' title='bbox 595 2562 624 2592; x_wconf 82' lang='grc' dir='ltr'>Ι)</span> <span class='ocrx_word' id='word_1_236' title='bbox 643 2560 673 2591; x_wconf 90' lang='lat' dir='ltr'><strong>V</strong></span> <span class='ocrx_word' id='word_1_237' title='bbox 698 2569 718 2593; x_wconf 88' lang='lat' dir='ltr'>e</span> <span class='ocrx_word' id='word_1_238' title='bbox 743 2557 779 2593; x_wconf 86' lang='lat' dir='ltr'>ei</span> <span class='ocrx_word' id='word_1_239' title='bbox 802 2562 829 2592; x_wconf 72' lang='grc' dir='ltr'><strong>Ε</strong></span> <span class='ocrx_word' id='word_1_240' title='bbox 855 2559 935 2594; x_wconf 89' lang='lat' dir='ltr'>aeei</span> <span class='ocrx_word' id='word_1_241' title='bbox 959 2562 991 2593; x_wconf 74' lang='grc' dir='ltr'>Π</span> <span class='ocrx_word' id='word_1_242' title='bbox 1030 2559 1036 2604; x_wconf 93' lang='grc' dir='ltr'>Ι</span> <span class='ocrx_word' id='word_1_243' title='bbox 1068 2559 1263 2605; x_wconf 86' lang='lat' dir='ltr'>lethogoni</span> <span class='ocrx_word' id='word_1_244' title='bbox 1289 2562 1332 2603; x_wconf 89' lang='grc'>0,</span> <span class='ocrx_word' id='word_1_245' title='bbox 1359 2558 1566 2603; x_wconf 82' lang='lat' dir='ltr'>Thelegoni</span> <span class='ocrx_word' id='word_1_246' title='bbox 1589 2561 1620 2591; x_wconf 94' lang='lat' dir='ltr'><strong>V</strong></span> <span class='ocrx_word' id='word_1_247' title='bbox 1643 2569 1711 2603; x_wconf 73' lang='lat' dir='ltr'>my.</span> 
     </span>
     <span class='ocr_line' id='line_1_31' title="bbox 189 2615 1711 2662; baseline 0.001 -12"><span class='ocrx_word' id='word_1_248' title='bbox 189 2627 235 2652; x_wconf 89' lang='lat' dir='ltr'>m.</span> <span class='ocrx_word' id='word_1_249' title='bbox 261 2619 287 2652; x_wconf 81' lang='lat'><strong><em>2</em></strong></span> <span class='ocrx_word' id='word_1_250' title='bbox 312 2615 491 2662; x_wconf 84' lang='lat' dir='ltr'>Telegoni</span> <span class='ocrx_word' id='word_1_251' title='bbox 514 2617 625 2662; x_wconf 75' lang='lat' dir='ltr'>uulyo</span> <span class='ocrx_word' id='word_1_252' title='bbox 656 2617 669 2661; x_wconf 74' lang='grc'>[1</span> <span class='ocrx_word' id='word_1_253' title='bbox 700 2620 721 2651; x_wconf 82' lang='grc'>5</span> <span class='ocrx_word' id='word_1_254' title='bbox 747 2615 819 2651; x_wconf 88' lang='lat' dir='ltr'>Cur</span> <span class='ocrx_word' id='word_1_255' title='bbox 842 2618 908 2652; x_wconf 85' lang='lat' dir='ltr'>tua</span> <span class='ocrx_word' id='word_1_256' title='bbox 932 2618 971 2652; x_wconf 88' lang='lat' dir='ltr'>te</span> <span class='ocrx_word' id='word_1_257' title='bbox 995 2618 1142 2662; x_wconf 77' lang='lat' dir='ltr'>scripsi:</span> <span class='ocrx_word' id='word_1_258' title='bbox 1169 2616 1292 2652; x_wconf 86' lang='lat' dir='ltr'>Curua</span> <span class='ocrx_word' id='word_1_259' title='bbox 1315 2619 1354 2652; x_wconf 87' lang='lat' dir='ltr'>te</span> <span class='ocrx_word' id='word_1_260' title='bbox 1380 2620 1412 2651; x_wconf 71' lang='lat' dir='ltr'>R</span> <span class='ocrx_word' id='word_1_261' title='bbox 1437 2616 1510 2652; x_wconf 87' lang='lat' dir='ltr'>Cur</span> <span class='ocrx_word' id='word_1_262' title='bbox 1535 2619 1660 2652; x_wconf 83' lang='lat' dir='ltr'>uatem</span> <span class='ocrx_word' id='word_1_263' title='bbox 1687 2621 1711 2651; x_wconf 91' lang='lat'>0</span> 
     </span>
     <span class='ocr_line' id='line_1_32' title="bbox 192 2674 1712 2722; baseline 0 -12"><span class='ocrx_word' id='word_1_264' title='bbox 192 2674 310 2710; x_wconf 78' lang='lat' dir='ltr'>Curae</span> <span class='ocrx_word' id='word_1_265' title='bbox 334 2677 373 2710; x_wconf 92' lang='lat' dir='ltr'>te</span> <span class='ocrx_word' id='word_1_266' title='bbox 397 2675 437 2710; x_wconf 91' lang='lat' dir='ltr'>in</span> <span class='ocrx_word' id='word_1_267' title='bbox 461 2676 572 2721; x_wconf 79' lang='lat' dir='ltr'>uulyo</span> <span class='ocrx_word' id='word_1_268' title='bbox 597 2675 669 2710; x_wconf 88' lang='lat' dir='ltr'>Cur</span> <span class='ocrx_word' id='word_1_269' title='bbox 694 2677 760 2711; x_wconf 89' lang='lat' dir='ltr'>aut</span> <span class='ocrx_word' id='word_1_270' title='bbox 783 2677 819 2711; x_wconf 79' lang='lat' dir='ltr'>te</span> <span class='ocrx_word' id='word_1_271' title='bbox 845 2675 889 2711; x_wconf 90' lang='lat' dir='ltr'>L.</span> <span class='ocrx_word' id='word_1_272' title='bbox 918 2677 1120 2712; x_wconf 82' lang='lat' dir='ltr'>Muellerus</span> <span class='ocrx_word' id='word_1_273' title='bbox 1140 2679 1146 2721; x_wconf 91' lang='grc'>1</span> <span class='ocrx_word' id='word_1_274' title='bbox 1168 2676 1408 2722; x_wconf 81' lang='lat' dir='ltr'>deportantes</span> <span class='ocrx_word' id='word_1_275' title='bbox 1434 2676 1499 2711; x_wconf 82' lang='lat' dir='ltr'>sed</span> <span class='ocrx_word' id='word_1_276' title='bbox 1533 2676 1657 2711; x_wconf 87' lang='lat' dir='ltr'>abitur</span> <span class='ocrx_word' id='word_1_277' title='bbox 1680 2679 1712 2710; x_wconf 70' lang='lat' dir='ltr'>R</span> 
     </span>
     <span class='ocr_line' id='line_1_33' title="bbox 189 2733 1714 2780; baseline 0 -11"><span class='ocrx_word' id='word_1_278' title='bbox 189 2733 302 2780; x_wconf 77' lang='lat' dir='ltr'>tybur</span> <span class='ocrx_word' id='word_1_279' title='bbox 325 2738 352 2768; x_wconf 74' lang='lat' dir='ltr'>F</span> <span class='ocrx_word' id='word_1_280' title='bbox 370 2737 401 2768; x_wconf 93' lang='lat' dir='ltr'><strong>V</strong></span> <span class='ocrx_word' id='word_1_281' title='bbox 441 2735 455 2780; x_wconf 69' lang='lat' dir='ltr'>fl</span> <span class='ocrx_word' id='word_1_282' title='bbox 496 2739 517 2770; x_wconf 84' lang='grc'><strong>6</strong></span> <span class='ocrx_word' id='word_1_283' title='bbox 561 2734 770 2770; x_wconf 86' lang='lat' dir='ltr'>Lanuuium</span> <span class='ocrx_word' id='word_1_284' title='bbox 801 2735 864 2770; x_wconf 81' lang='lat' dir='ltr'>uir</span> <span class='ocrx_word' id='word_1_285' title='bbox 893 2736 1018 2771; x_wconf 79' lang='lat' dir='ltr'>doctus</span> <span class='ocrx_word' id='word_1_286' title='bbox 1047 2736 1090 2770; x_wconf 76' lang='lat' dir='ltr'>in</span> <span class='ocrx_word' id='word_1_287' title='bbox 1123 2736 1231 2770; x_wconf 81' lang='lat' dir='ltr'>Misc.</span> <span class='ocrx_word' id='word_1_288' title='bbox 1261 2735 1343 2770; x_wconf 87' lang='lat' dir='ltr'>Obs.</span> <span class='ocrx_word' id='word_1_289' title='bbox 1369 2735 1404 2770; x_wconf 96' lang='lat' dir='ltr'>II</span> <span class='ocrx_word' id='word_1_290' title='bbox 1425 2747 1463 2780; x_wconf 81' lang='lat' dir='ltr'>p.</span> <span class='ocrx_word' id='word_1_291' title='bbox 1492 2739 1578 2769; x_wconf 82' lang='lat'>106:</span> <span class='ocrx_word' id='word_1_292' title='bbox 1609 2734 1714 2770; x_wconf 88' lang='lat' dir='ltr'>ducit</span> 
     </span>
     <span class='ocr_line' id='line_1_34' title="bbox 191 2792 1710 2845; baseline 0 -17"><span class='ocrx_word' id='word_1_293' title='bbox 191 2792 298 2837; x_wconf 87' lang='lat' dir='ltr'>(dicit</span> <span class='ocrx_word' id='word_1_294' title='bbox 320 2797 349 2827; x_wconf 70' lang='lat' dir='ltr'>F</span> <span class='ocrx_word' id='word_1_295' title='bbox 371 2805 417 2828; x_wconf 86' lang='lat' dir='ltr'>m.</span> <span class='ocrx_word' id='word_1_296' title='bbox 443 2797 486 2838; x_wconf 84' lang='lat'>2,</span> <span class='ocrx_word' id='word_1_297' title='bbox 511 2795 557 2838; x_wconf 63' lang='lat' dir='ltr'>R)</span> <span class='ocrx_word' id='word_1_298' title='bbox 582 2805 693 2828; x_wconf 88' lang='lat' dir='ltr'>anum</span> <span class='ocrx_word' id='word_1_299' title='bbox 720 2796 744 2827; x_wconf 93' lang='grc'><strong>0</strong></span> <span class='ocrx_word' id='word_1_300' title='bbox 777 2794 884 2839; x_wconf 83' lang='lat' dir='ltr'>(anus</span> <span class='ocrx_word' id='word_1_301' title='bbox 907 2796 938 2827; x_wconf 94' lang='lat' dir='ltr'><strong>V</strong></span> <span class='ocrx_word' id='word_1_302' title='bbox 969 2805 1013 2829; x_wconf 77' lang='lat' dir='ltr'>ex</span> <span class='ocrx_word' id='word_1_303' title='bbox 1043 2797 1163 2837; x_wconf 57' lang='grc' dir='ltr'><em>ουτως</em></span> <span class='ocrx_word' id='word_1_304' title='bbox 1203 2794 1334 2829; x_wconf 79' lang='lat' dir='ltr'>ducit?</span> <span class='ocrx_word' id='word_1_305' title='bbox 1369 2805 1471 2828; x_wconf 75' lang='lat' dir='ltr'>amas</span> <span class='ocrx_word' id='word_1_306' title='bbox 1504 2793 1710 2845; x_wconf 71' lang='lat' dir='ltr'>Relandus3</span> 
     </span>
     <span class='ocr_line' id='line_1_35' title="bbox 191 2851 1711 2897; baseline -0.001 -10"><span class='ocrx_word' id='word_1_307' title='bbox 191 2851 412 2887; x_wconf 61' lang='lat' dir='ltr'>Fonteium</span> <span class='ocrx_word' id='word_1_308' title='bbox 435 2853 490 2887; x_wconf 87' lang='lat' dir='ltr'>ita</span> <span class='ocrx_word' id='word_1_309' title='bbox 514 2856 636 2887; x_wconf 80' lang='lat' dir='ltr'>tuetur</span> <span class='ocrx_word' id='word_1_310' title='bbox 662 2852 702 2886; x_wconf 52' lang='grc' dir='ltr'>(ι’.</span> <span class='ocrx_word' id='word_1_311' title='bbox 729 2863 756 2888; x_wconf 90' lang='lat' dir='ltr'>e.</span> <span class='ocrx_word' id='word_1_312' title='bbox 782 2853 878 2887; x_wconf 80' lang='lat' dir='ltr'>anili</span> <span class='ocrx_word' id='word_1_313' title='bbox 900 2853 1029 2888; x_wconf 81' lang='lat' dir='ltr'>habitu</span> <span class='ocrx_word' id='word_1_314' title='bbox 1052 2853 1140 2888; x_wconf 70' lang='lat' dir='ltr'>duci</span> <span class='ocrx_word' id='word_1_315' title='bbox 1168 2863 1204 2887; x_wconf 86' lang='lat' dir='ltr'>se</span> <span class='ocrx_word' id='word_1_316' title='bbox 1234 2853 1388 2888; x_wconf 79' lang='lat' dir='ltr'>curabat</span> <span class='ocrx_word' id='word_1_317' title='bbox 1409 2863 1475 2896; x_wconf 83' lang='lat' dir='ltr'>per</span> <span class='ocrx_word' id='word_1_318' title='bbox 1508 2853 1608 2887; x_wconf 84' lang='lat' dir='ltr'>uiam</span> <span class='ocrx_word' id='word_1_319' title='bbox 1633 2853 1711 2897; x_wconf 80' lang='lat' dir='ltr'>Ap-</span> 
     </span>
     <span class='ocr_line' id='line_1_36' title="bbox 184 2911 1056 2956; baseline 0.001 -10"><span class='ocrx_word' id='word_1_320' title='bbox 184 2911 290 2956; x_wconf 73' lang='lat' dir='ltr'>piam</span> <span class='ocrx_word' id='word_1_321' title='bbox 316 2912 365 2946; x_wconf 86' lang='lat' dir='ltr'>ad</span> <span class='ocrx_word' id='word_1_322' title='bbox 389 2921 547 2947; x_wconf 81' lang='lat' dir='ltr'>arcanas</span> <span class='ocrx_word' id='word_1_323' title='bbox 571 2911 782 2956; x_wconf 82' lang='lat' dir='ltr'>tabernas’,</span> <span class='ocrx_word' id='word_1_324' title='bbox 807 2911 943 2956; x_wconf 76' lang='lat' dir='ltr'>friyide</span> <span class='ocrx_word' id='word_1_325' title='bbox 964 2915 1056 2956; x_wconf 78' lang='lat' dir='ltr'>puto</span> 
     </span>
    </p>
   </div>
  </div>
 </body>
</html>
