1898 3190
677 171 941 208 PROPERTII
964 171 1054 208 LIB.
1079 171 1144 208 IV.
1168 175 1202 208 8.
1626 170 1712 213 185

238 290 286 322 40
357 278 477 322 Haec
506 280 647 323 facilis
678 282 843 338 spargi,
872 280 1033 323 munda
1062 281 1155 323 sine
1185 281 1299 335 arte,
1328 294 1441 322 rosa.

296 349 341 393 N
342 365 450 392 anus
481 353 526 392 et
554 352 648 406 ipse
679 367 781 395 suos
811 352 1001 395 breuiter
1030 353 1258 394 concretus
1288 351 1335 393 in
1366 353 1487 394 artus

356 420 556 464 lactabat
584 425 761 466 truncas
793 424 847 466 ad
878 438 986 466 caua
1014 423 1128 465 buxa
1158 437 1324 465 manus.

299 491 382 535 Sed
410 507 548 548 neque
579 494 792 550 suppletis
823 494 1053 537 constabat
1082 493 1260 535 flamma
1289 493 1496 547 lucernis,

357 564 553 608 Reccidit
582 565 712 622 inque
743 581 844 609 suos
873 580 1024 608 mensa
1054 565 1211 620 supina
1240 564 1384 619 pedes.

238 645 285 677 45
297 634 368 677 Me
400 650 568 691 quoque
599 650 676 692 per
706 637 820 679 talos
850 636 1061 679 Venerem
1093 638 1325 692 quaerente
1356 635 1567 678 secundos

358 705 536 762 Semper
566 707 762 750 damnosi
795 707 1035 750 subsiluere
1071 721 1211 749 canes.

299 775 547 820 Cantabant
577 778 726 830 surdo,
755 778 979 821 nudabant
1008 780 1184 833 pectora
1213 791 1359 820 caeco:

357 847 544 890 Lanuuii
575 849 629 890 ad
660 852 828 905 portas,
860 849 900 890 ei
930 848 1055 904 mihi,
1085 851 1204 891 totus
1235 863 1374 903 eram3

300 918 409 962 Cum
440 920 584 962 subito
615 921 734 962 rauci
765 923 1003 962 sonuerunt
1033 920 1203 962 cardine
1234 922 1402 975 postes,

238 1000 286 1032 50
356 989 418 1043 Et
447 991 563 1032 leuia
593 991 648 1032 ad
678 991 841 1046 primos
873 1005 1093 1032 murmura
1123 991 1240 1033 facta
1269 990 1414 1032 Lares.

297 1060 390 1104 Nec
420 1075 564 1116 mora,
594 1076 690 1104 cum
720 1064 836 1104 totas
866 1061 1089 1116 resupinat
1120 1060 1309 1117 Cynthia
1339 1061 1505 1116 ualuas,

357 1132 458 1175 Non
488 1147 671 1187 operosa
701 1133 854 1187 comis,
886 1133 959 1175 sed
990 1133 1221 1175 furibunda
1252 1132 1418 1175 decens.

298 1201 459 1245 Pocula
487 1204 548 1246 mi
578 1204 740 1260 digitos
770 1204 885 1246 inter
914 1204 1103 1246 cecidere
1133 1204 1357 1258 remissos,

358 1273 696 1331 Pallueruntque
725 1275 823 1330 ipso
854 1275 979 1317 labra
1009 1275 1152 1317 soluta
1182 1289 1311 1317 mero.

242 1343 522 1389 55Fulminat
550 1347 628 1389 illa
658 1346 795 1389 oculis
826 1349 870 1388 et
900 1348 1111 1401 quantum
1140 1346 1303 1389 femina
1335 1347 1492 1401 saeuit,

361 1415 634 1472 Spectaclum
664 1419 794 1472 capta
823 1432 901 1459 nec
931 1417 1075 1459 minus
1106 1417 1214 1459 urbe
1242 1417 1337 1459 fuit.

299 1487 524 1543 Phyllidos
555 1487 690 1530 iratos
720 1488 767 1529 in
798 1488 969 1530 uultum
999 1487 1159 1530 conicit
1187 1501 1373 1543 ungues:

362 1558 533 1601 Territa
563 1559 729 1602 uicinas
761 1559 865 1601 Teia
896 1559 1057 1601 clamat
1087 1573 1206 1601 anus.

305 1629 492 1671 Lumina
523 1630 689 1685 sopitos
719 1630 901 1672 turbant
931 1630 1046 1675 elata
1077 1630 1284 1685 Quirites,

243 1711 290 1742 60
362 1700 512 1742 Omnis
544 1703 588 1742 et
617 1701 773 1743 insana
803 1701 957 1743 semita
987 1715 1094 1743 uoce
1126 1704 1263 1743 sonat.

301 1771 407 1813 Illas
438 1772 701 1827 direptisque
733 1772 869 1814 comis
898 1772 1139 1828 tunicisque
1171 1772 1326 1814 solutis

360 1842 537 1898 Excipit
566 1843 774 1886 obscurae
804 1844 943 1898 prima
972 1844 1154 1886 taberna
1184 1844 1293 1886 uiae.

304 1912 492 1968 Cynthia
521 1913 681 1970 gaudet
711 1914 758 1955 in
789 1914 953 1956 exuuiis
984 1914 1223 1970 uictrixque
1253 1915 1435 1958 recurrit

1428 762 1448 785 Ι

278 2076 373 2113 Vn.
398 2089 499 2113 Lsscr.
547 2081 594 2112 40
617 2077 720 2112 Haec
737 2077 887 2122 scripsi:
906 2077 956 2112 Et
972 2081 998 2112 0
1016 2078 1030 2122 Ι
1046 2081 1090 2113 41
1110 2078 1241 2113 Nanus
1252 2079 1476 2114 Beroaldus:
1490 2079 1647 2124 Magnus
1661 2083 1687 2114 0
1704 2080 1709 2126 1

185 2137 371 2173 conci-itus
396 2138 502 2182 (corr.
528 2147 598 2182 my.
622 2148 668 2171 m.
694 2139 735 2181 2)
760 2137 799 2172 in
822 2148 929 2173 arcus
951 2139 1011 2182 ΕΙ]
1038 2141 1084 2172 44
1109 2138 1281 2174 Reccidit
1304 2141 1352 2174 1⁸:
1377 2138 1527 2174 Recidit
1550 2142 1578 2172 r
1602 2139 1711 2175 Deci-

186 2196 244 2231 dit
265 2196 438 2240 DV145
463 2195 625 2231 secundo
649 2197 821 2240 fnum
847 2196 961 2231 cecho
986 2200 1014 2230 r
1039 2198 1123 2244 ceto
1147 2198 1274 2242 1148
1299 2197 1637 2243 Lanuuichorr.,
1662 2202 1712 2234 K:

109 2273 113 2275 >
185 2253 1709 2304 Laminiin,Vm.1utuid.Laniumr1eiuzheir(vm.2)heunv1

185 2315 289 2350 totus
313 2313 478 2359 θυρσαδ-
506 2314 549 2348 in
572 2313 704 2348 Bwrm.
730 2313 875 2359 Syuoye
898 2315 999 2359 epist.
1025 2313 1059 2348 11
1079 2316 1120 2358 p‘.
1147 2318 1215 2350 683
1250 2316 1302 2363 (et
1337 2315 1392 2350 sie
1427 2316 1505 2360 ipse
1540 2317 1715 2362 corticeo:

187 2373 289 2409 solus
314 2375 358 2416 ος
394 2373 456 2408 sed
484 2375 593 2416 poeta
625 2373 668 2407 in
699 2373 803 2407 domo
827 2372 1031 2418 Esquaina
1046 2374 1193 2419 positam
1223 2377 1337 2409 mente
1360 2375 1497 2410 seilicet
1520 2379 1553 2410 et
1577 2376 1713 2421 coyita-

186 2431 285 2467 tt'one
308 2431 411 2476 apud
429 2430 624 2477 Cynthiam
648 2432 690 2466 in
713 2431 868 2467 taberna
892 2433 942 2467 ad
959 2432 1131 2468 Lanuuii
1147 2436 1280 2478 portas
1296 2434 1371 2468 sita
1388 2438 1591 2470 uersantem
1609 2435 1713 2482 erattl

188 2493 235 2527 50
258 2489 338 2525 Nec
361 2489 463 2524 leuia
486 2499 509 2527 ς
543 2490 556 2535 Ι
591 2493 636 2524 51
661 2491 743 2525 tum
766 2495 796 2524 1)
829 2493 835 2536 1
866 2491 989 2526 motas
1014 2492 1219 2533 Heinsius!
1239 2492 1430 2538 resfipuiat
1453 2497 1499 2537 r,
1523 2504 1615 2530 corr.
1640 2505 1711 2540 my.

187 2560 234 2586 m.
258 2553 286 2586 2
303 2551 318 2594 Ι
335 2553 379 2585 52
405 2560 530 2584 comas
554 2548 811 2584 Brona-husius
838 2551 852 2595 Ι
881 2554 927 2585 53
950 2550 1116 2586 recidere
1138 2556 1168 2586 D
1194 2551 1360 2587 cecidere
1386 2553 1443 2595 (ce
1466 2553 1508 2587 in
1532 2554 1621 2597 ras.)
1645 2556 1677 2587 V
1699 2553 1712 2598 Η

189 2611 236 2644 54
259 2607 548 2652 Palluerantque
575 2610 617 2653 0,
643 2618 734 2643 corr.
761 2608 987 2655 Liuineius!
1005 2613 1050 2645 55
1076 2610 1203 2645 oculos
1227 2614 1255 2644 F
1276 2610 1283 2656 Ι
1304 2610 1426 2658 sceuit
1449 2614 1479 2644 V
1496 2612 1510 2656 Ι
1528 2615 1574 2647 56
1600 2611 1714 2657 Spec-

147 2710 150 2713 Ᾰ
188 2667 329 2703 taclum
352 2670 381 2700 P
404 2678 450 2701 m.
476 2671 519 2703 2:
547 2667 797 2712 Spectandum
822 2671 847 2702 0
873 2667 1136 2714 Spectaculum
1160 2672 1192 2703 Π
1212 2670 1218 2714 1
1241 2680 1310 2705 nec
1333 2672 1363 2702 V
1381 2672 1430 2704 18:
1456 2681 1503 2704 ne
1520 2674 1549 2703 1)
1568 2681 1641 2705 non
1661 2671 1712 2714 Γξζ

190 2729 237 2762 57
259 2725 382 2771 Phyll.
406 2729 438 2760 V
462 2737 506 2761 m.
532 2729 577 2769 2,
602 2729 651 2761 1:
676 2726 787 2761 Phill.
812 2729 839 2760 0
859 2729 867 2771 Ι
886 2727 991 2773 ignes
1015 2731 1046 2761 V
1069 2739 1138 2773 my.
1163 2740 1209 2763 m.
1237 2731 1264 2764 2
1281 2729 1297 2773 Ι
1314 2731 1359 2763 58
1385 2728 1539 2774 clamat]
1559 2728 1714 2773 petebat

189 2789 237 2829 1),
260 2784 422 2820 uocabat
444 2788 476 2819 V
499 2796 566 2830 my.
593 2796 638 2821 m.
664 2789 691 2821 2
730 2786 737 2830 Ι
770 2795 862 2820 anus
888 2786 1001 2821 Itali:
1026 2797 1143 2831 aquas
1168 2790 1193 2820 0
1235 2788 1248 2831 Ι
1290 2790 1335 2822 59
1379 2785 1551 2832 Lumina]
1587 2788 1711 2823 rnalim

190 2843 316 2894 Iurgia
344 2844 359 2889 Ι
394 2848 440 2879 60
464 2855 557 2879 uoce
581 2843 798 2880 Fraternas:
820 2845 932 2880 nocte
957 2848 983 2879 0
1017 2846 1032 2891 Ι
1067 2850 1111 2881 61
1137 2845 1247 2881 Illam
1270 2849 1299 2879 r
1325 2847 1370 2891 <V
1393 2857 1439 2880 m.
1464 2847 1504 2890 2)
1547 2847 1561 2891 ΙΙ
1601 2850 1647 2882 63
1672 2847 1711 2882 in

191 2901 335 2938 exuuiis
358 2902 500 2950 gaudet
521 2903 639 2950 siquis
661 2914 786 2949 appas.
811 2906 843 2937 V
866 2915 912 2940 m.
935 2907 963 2942 2
