1898 3190
711 164 1092 201 PROLEGOMENA.
1497 165 1670 201 XXXVII

143 274 376 330 henditque
406 274 590 316 Petrus
626 273 949 316 Burmannus
987 274 1034 316 in
1072 289 1122 316 ea
1159 274 1363 330 editione,
1401 289 1510 330 quae
1548 274 1669 317 ditis·
1743 298 1746 300 ·

143 346 254 390 simo
284 345 649 401 amplissimoque,
682 359 940 400 quamquam
971 348 1096 388 uasto
1123 345 1271 388 eodem
1298 348 1427 401 atque
1452 345 1668 402 indigesto

143 419 355 473 apparatu
384 417 598 459 instructa
628 416 675 458 in
706 430 833 458 omne
864 418 1034 471 tempus
1064 416 1393 458 fundamentum
1423 420 1490 459 est
1520 417 1668 460 critico

141 488 436 543 Propertiano.
480 487 592 543 quod
613 502 721 542 opus
740 489 842 542 post
859 486 1099 530 Burmanni
1124 489 1308 530 mortem
1328 503 1365 530 a.
1388 488 1501 531 1780
1526 489 1669 531 emisit

140 558 452 618 Laurentius
485 557 778 601 Santenius.

260 629 475 672 Fouerant
500 629 642 671 studia
660 629 946 684 Propertiana
974 630 1021 672 in
1045 630 1127 673 hac
1146 629 1332 673 Batauia
1348 631 1461 673 circa
1479 630 1667 673 medium

135 701 359 744 'saeculum
388 700 539 743 XVIII
569 700 653 743 duo
684 700 958 755 potissimum
990 701 1094 757 uiri,
1133 701 1375 744 Tiberius
1406 701 1667 744 Hemster—

139 771 331 831 husius·
352 774 396 814 et
419 772 679 814 Iohannes
706 770 1044 827 Schraderus,
1069 772 1141 827 qui
1167 775 1212 814 et
1235 773 1320 827 ipsi
1345 773 1522 829 egregia
1544 788 1667 828 prae-

143 844 349 887 stiterunt
393 842 530 899 (cuius
573 844 636 885 rei
678 843 977 885 testimonium
1014 846 1082 885 est
1116 843 1244 885 huius
1283 843 1667 886 ‘Emendationum

138 914 270 958 liber'
306 919 406 957 here
438 928 591 956 aureus
623 913 886 957 Leouardiae
919 929 956 956 a.
991 915 1103 956 1776
1136 915 1338 969 emissus)
1370 917 1415 956 et
1444 915 1666 969 discipulis

137 986 252 1029 uatis
282 985 438 1029 Umbri
475 1000 663 1027 amorem
700 985 983 1040 inspirabant.
1041 1000 1090 1027 ex
1129 1000 1310 1040 quorum
1347 1000 1527 1028 numero
1566 989 1667 1027 ante

138 1060 303 1100 ceteros
342 1057 414 1099 hic
452 1055 738 1099 nominandus
779 1059 846 1098 est
885 1056 1074 1099 Petrus
1116 1056 1423 1099 Fonteinius
1464 1056 1665 1112 (1708—

141 1127 293 1184 1788),
328 1126 645 1170 Hemsterhusii
682 1127 879 1169 alumnus
919 1127 1076 1183 quique
1115 1129 1228 1170 inter
1269 1128 1468 1183 aequales
1509 1142 1667 1184 magna

139 1199 375 1255 meritaque
406 1198 571 1255 ingenii
597 1197 897 1254 doctrinaeque
923 1199 1048 1241 laude
1073 1198 1230 1241 floruit.
1279 1199 1316 1240 is
1341 1198 1443 1241 licet
1467 1199 1514 1241 in
1538 1199 1667 1255 longe

138 1271 308 1314 diuersa
344 1271 462 1313 uitae
499 1270 750 1312 condicione
787 1270 955 1324 positus
987 1269 1244 1325 (sacerdotis
1282 1284 1456 1312 munere
1495 1270 1665 1312 Amste-

136 1341 299 1385 lodami
325 1339 605 1396 fungebatur)
632 1341 791 1382 bonam
816 1341 912 1383 aeui
937 1343 1107 1396 partem
1131 1341 1342 1396 impendit
1366 1344 1410 1383 et
1433 1342 1665 1384 inlustran-

138 1412 204 1455 dis
228 1411 518 1467 Theophrasti
549 1411 870 1454 characteribus
902 1414 945 1454 et
976 1412 1230 1468 castigando
1257 1412 1495 1467 Propertio.
1544 1415 1587 1454 et
1613 1412 1667 1454 ad

136 1484 253 1526 hunc
283 1482 396 1539 quod
429 1483 603 1538 attinet,
640 1482 686 1524 in
717 1481 1048 1525 Broukhusiana
1080 1483 1270 1525 editione
1301 1483 1543 1538 posteriore
1574 1499 1667 1539 per-

137 1554 298 1597 multas
329 1553 597 1596 coniecturas
629 1553 1039 1609 obseruationesque
1072 1569 1171 1596 suas
1205 1554 1452 1610 adscripsit,
1484 1570 1666 1610 quarum

139 1625 323 1681 paruula
360 1623 571 1679 quaedam
609 1624 844 1679 specimina
881 1625 927 1666 in
962 1624 1109 1667 libello
1146 1625 1285 1666 bonae
1323 1625 1459 1681 frugis
1498 1627 1542 1667 et
1571 1627 1665 1682 ipso

136 1696 265 1752 pleno
291 1693 509 1751 (epistola
534 1695 681 1737 critica
706 1695 749 1736 in
769 1694 1043 1750 Propertium
1069 1695 1123 1736 ad
1148 1694 1427 1738 Laurentium
1452 1711 1536 1738 van
1562 1695 1666 1738 San—

138 1765 250 1820 ten',
287 1764 601 1807 Amstelodami
648 1763 780 1821 1792)
818 1764 951 1808 edidit
987 1764 1020 1806 Ι.
1057 1764 1106 1807 G.
1137 1765 1396 1810 Huschke.
1443 1768 1523 1809 hoc
1554 1766 1665 1810 Fon-

138 1836 263 1879 teim'i
295 1835 529 1891 exemplari
558 1850 672 1878 nunc
703 1836 748 1878 in
779 1835 1043 1878 bibliotheca
1074 1836 1280 1879 ecelesiae
1306 1837 1665 1894 Teleiobaptista-

138 1922 235 1950 rum
264 1906 680 1949 Amstelodamensis
713 1906 940 1949 adseruato
972 1909 1021 1948 ut
1057 1922 1133 1962 per
1163 1907 1243 1950 hos
1276 1923 1445 1951 menses
1478 1910 1664 1952 aestiuos

139 1978 361 2022 commode
392 1977 508 2019 domi
539 1977 602 2019 uti
632 1992 816 2033 possem,
847 1978 1047 2020 effectum
1078 1980 1144 2020 est
1175 1994 1343 2022 summa
1372 1980 1666 2023 beniuolentia

139 2064 287 2092 eorum
317 2048 471 2104 quibus
501 2047 791 2091 bibliothecae
822 2049 939 2091 illius
971 2063 1073 2091 cura
1103 2049 1306 2092 mandata
1337 2054 1416 2092 est.

255 2119 366 2173 Erat
396 2118 572 2161 omnino
602 2120 696 2160 tum
722 2117 974 2173 Propertius
1007 2119 1052 2162 in
1084 2120 1248 2162 deliciis
1281 2123 1409 2176 atque
1442 2122 1662 2164 amoribus

137 2191 470 2248 philologorum,
498 2191 612 2232 inter
642 2204 750 2245 quos
782 2190 970 2232 eminent
999 2191 1333 2234 Ruhnkenius
1365 2195 1409 2234 et
1440 2192 1663 2235 Valcke-

138 2260 335 2316 narius3
368 2261 523 2317 quibus
550 2260 757 2302 accedunt
786 2263 1008 2316 tamquam
1033 2262 1158 2318 ignes
1184 2264 1373 2305 minores
1399 2263 1664 2319 Eldikius‚

138 2333 479 2388 Koppiersius
513 2331 775 2388 (Obseruata
816 2332 983 2388 philol.,
1021 2333 1156 2389 Lugd.
1188 2333 1284 2376 Bat.
1320 2333 1471 2391 1771),
1510 2335 1663 2377 Wak-

51 2416 55 2419 ·
138 2405 290 2446 kerus
333 2401 570 2458 (Amoenit.
607 2402 756 2444 Litter.
802 2401 955 2460 1770),
1000 2403 1431 2461 Wassenhergius
1484 2406 1661 2461 aliique:

139 2489 322 2531 quorum
357 2473 535 2516 inuenta
571 2487 623 2514 ex
659 2476 780 2528 parte
817 2474 904 2516 iam
935 2474 980 2516 in
1011 2474 1249 2518 Burmanni
1280 2476 1468 2518 editione
1501 2481 1662 2519 extant.

138 2545 288 2588 deinde
313 2544 711 2587 commemorandae
731 2548 832 2587 sunt
857 2545 1178 2589 dissertationes
1203 2547 1436 2589 nonnullae
1450 2547 1572 2590 Actis
1594 2564 1660 2591 so-

139 2615 308 2658 cietatis
345 2615 612 2658 Traiectinae
648 2615 852 2670 insertae,
896 2616 999 2659 Ioh.
1038 2615 1232 2659 Sterkii
1271 2617 1311 2673 (I
1348 2634 1388 2673 p.
1432 2619 1515 2660 164
1541 2619 1662 2675 sqq.),

139 2685 407 2728 Valentini
433 2686 779 2729 Slothouweri
805 2686 892 2744 (III
918 2703 957 2742 p.
977 2687 1188 2745 136sqq.),
1214 2688 1377 2730 Herm.
1399 2688 1661 2732 Bosschae

141 2754 260 2813 (ibid.
278 2771 319 2811 p.
338 2757 421 2798 211
439 2756 561 2813 sqq).
610 2760 702 2798 tum
728 2756 778 2799 G.
804 2757 853 2800 Τ.
879 2756 1128 2814 Suringar
1159 2762 1364 2814 quattuor
1389 2760 1658 2814 prolusiones

141 2827 389 2870 scolasticas
435 2828 488 2870 ad
531 2828 801 2884 Propertium
843 2830 1109 2883 pertinentes
1153 2830 1315 2886 Lingae
1367 2845 1402 2871 a.
1446 2831 1659 2874 1805—8

141 2897 283 2940 edidit.
314 2912 443 2953 porro
474 2899 689 2942 nominari
720 2901 937 2942 merentur
967 2899 1060 2943 Iac.
1094 2900 1248 2943 Henr.
1274 2900 1535 2943 Hoeufftii
1567 2900 1661 2945 ‘Pe-
