1898 3190
761 178 1097 216 PROLEGOMEN
1097 179 1142 214 A.
1618 176 1719 212 XLV

312 288 482 345 Neque,
519 289 595 344 qui
632 303 765 331 unum
800 289 960 331 librum
995 288 1183 343 primum
1219 300 1356 342 paruo
1394 288 1589 340 tempore
1621 288 1721 327 ante

196 361 419 415 emiserat,
446 360 539 401 iure
570 359 621 401 de
652 374 698 408 33
728 359 995 415 praedicauit
1024 358 1068 400 Π
1101 359 1140 413 7,
1174 359 1247 400 17:

374 430 489 473 Hinc
520 431 680 472 etenim
709 433 879 473 tantum
910 430 1066 472 meruit
1097 444 1195 471 mea
1225 429 1365 484 gloria
1394 443 1564 483 nomen,

439 500 590 544 Gloria
621 502 675 544 ad
704 501 913 544 hibernos
944 501 1036 543 lata
1065 499 1426 555 Borysthenidas.

197 573 475 630 quantumuis
506 573 620 615 enim
650 573 791 628 poetis
823 572 1068 628 superbiam
1100 571 1268 613 meritis
1300 571 1542 626 quaesitam
1573 584 1722 612 conce-

198 645 363 700 damus,
391 647 539 686 tamen
563 658 615 686 ex
646 659 764 686 mera
792 643 1120 699 uaniloquentia
1143 643 1340 698 profecta
1363 642 1564 684 uidentur
1588 642 1723 684 uerba

197 716 294 768 illa,
329 716 368 758 si
398 716 453 758 ab
485 730 536 757 eo
574 715 852 771 proferuntur
882 715 956 771 qui
991 715 1167 757 uixdum
1205 714 1457 756 monobiblo
1498 729 1575 756 3110
1607 713 1722 755 edito

197 787 393 830 fauorem
422 786 646 829 hominum
676 787 816 842 primo
843 789 1045 841 expertus
1077 789 1155 828 est.

318 857 399 900 His
431 858 564 913 igitur
594 858 838 900 rationibus
870 858 1043 900 adducti
1078 860 1219 900 totam
1249 857 1354 899 libri
1386 855 1559 899 secundi
1590 855 1723 911 parti-

200 929 361 984 culam,
403 944 512 984 quae
550 944 576 971 a
618 929 807 971 carmine
850 929 939 971 fere
983 929 1167 984 septimo
1205 929 1359 983 incipit
1402 927 1523 984 (nam
1561 929 1724 969 certum

200 1001 316 1043 illius
359 1000 533 1042 initium
575 1003 752 1055 propter
796 1000 983 1042 laceram
1027 1000 1189 1056 elegiae
1235 1003 1379 1042 sextae
1428 999 1725 1042 condicionem

201 1074 390 1114 statuere
419 1086 507 1113 non
537 1070 660 1128 licet)
691 1073 735 1113 et
764 1086 899 1127 usque
931 1071 985 1113 ad
1016 1071 1169 1113 decimi
1199 1071 1317 1112 tertii
1354 1071 1484 1112 finem
1525 1069 1726 1125 pertinet,

165 1133 302 1188 shinc
343 1143 647 1185 remouendam
684 1145 729 1184 et
767 1142 978 1185 uolumini
1020 1142 1149 1184 tertio
1193 1141 1451 1184 reddendam
1488 1155 1728 1183 censemus.
1782 1177 1786 1180 .
1838 1135 1852 1176 '-

201 1229 332 1270 quam
363 1214 454 1256 sedi
490 1213 704 1270 genuinae
740 1214 851 1255 uelle
886 1214 1115 1255 restituere
1152 1215 1383 1268 propterea
1422 1211 1726 1254 difficillimum

203 1287 270 1328 est
287 1285 401 1341 quod
420 1286 527 1327 etin
547 1285 689 1327 fronte
709 1285 910 1327 mutilata
940 1287 1058 1327 extat
1076 1288 1121 1327 et
1150 1285 1196 1326 in
1226 1285 1342 1326 exitu
1374 1298 1538 1337 manca,
1568 1297 1663 1325 011111
1689 1282 1727 1323 13

204 1357 277 1413 (1111
308 1356 413 1399 folia
450 1357 639 1398 errantia
677 1356 820 1398 refixit
857 1371 994 1411 pauca
1024 1371 1164 1398 nouae
1203 1355 1365 1411 elegiae
1406 1354 1590 1396 disticha
1629 1356 1729 1409 post

203 1427 247 1470 H
281 1428 335 1470 13
366 1427 530 1482 addita,
566 1429 717 1482 utpote
748 1428 930 1470 consilio
964 1442 1041 1470 suo
1079 1427 1383 1483 repugnantia,
1422 1426 1620 1468 omisisse
1652 1440 1730 1479 pu-

203 1499 361 1541 tandus
393 1499 463 1541 sit.
517 1513 644 1554 quam
677 1499 732 1540 ob
764 1513 939 1541 causam
970 1499 1023 1540 ad
1054 1499 1239 1540 nihilum
1276 1497 1471 1541 recidunt
1501 1496 1730 1539 conamina

205 1569 353 1612 omnia
388 1569 440 1612 de
482 1570 767 1612 uetustissimi
809 1569 967 1612 codicis
1009 1569 1148 1611 turbis
1189 1569 1296 1611 certi
1338 1568 1502 1623 aliquid
1542 1566 1730 1609 eruendi.

207 1640 280 1683 sed
320 1641 681 1696 circumspicienti
722 1640 852 1695 mihi,
891 1641 1068 1683 ubinam
1108 1641 1322 1695 particula
1352 1640 1429 1681 illa
1458 1653 1547 1681 non
1585 1638 1730 1692 inepte

206 1713 357 1767 posset
391 1711 543 1762 inseri,
579 1726 681 1766 prae
714 1712 868 1753 ceteris
905 1711 1070 1767 placuit
1098 1712 1244 1753 hiatus
1284 1711 1374 1764 ille,
1413 1710 1487 1765 (1111
1519 1712 1586 1751 est
1618 1709 1732 1750 inter

205 1781 274 1824 III
306 1783 360 1825 19
392 1785 437 1825 et
467 1783 536 1825 20.
585 1797 687 1824 nam
718 1785 761 1824 et
790 1782 897 1824 illud
928 1798 1101 1825 carmen
1130 1783 1177 1825 in
1203 1783 1287 1824 fine
1318 1783 1565 1824 truncatum
1597 1783 1662 1822 est
1688 1782 1731 1821 et

206 1853 335 1896 huius
365 1868 515 1896 uersus
550 1854 694 1896 l—lO
724 1854 797 1896 uix
828 1854 944 1896 aliud
976 1857 1078 1896 sunt
1109 1869 1238 1909 quam
1276 1853 1487 1909 longioris
1519 1851 1731 1907 poematis

208 1924 360 1967 exitus.
399 1924 563 1980 elegiae
582 1924 717 1980 igitur
734 1923 892 1979 11120,
914 1925 1057 1967 1—10
1087 1924 1310 1967 exordium
1341 1927 1443 1979 post
1473 1923 1518 1965 II
1553 1923 1606 1965 13
1637 1936 1733 1978 per-

207 1995 310 2038 iisse
339 1995 599 2050 putauerim.

326 2065 418 2109 Nec
455 2067 631 2109 obstant
673 2067 772 2109 huic
814 2070 989 2109 nostrae
1033 2068 1271 2110 sententiae
1313 2067 1506 2109 rationes
1551 2065 1732 2108 chrono-

208 2137 389 2193 logicae.
438 2137 493 2179 ad
524 2152 632 2193 quas
664 2153 772 2193 quae
804 2141 1003 2194 spectant
1033 2153 1149 2180 nunc
1180 2139 1436 2180 breuissime
1466 2137 1732 2192 disceptabo.

210 2208 464 2264 Propertius
495 2209 584 2250 iam
615 2208 716 2251 inde
747 2210 802 2251 ab
834 2209 962 2251 initio
989 2210 1148 2252 amoris
1181 2210 1246 2251 sui
1276 2208 1410 2265 (quod
1442 2223 1554 2251 anno
1581 2209 1637 2250 28
1669 2208 1733 2248 111-

211 2279 388 2335 cipienti
419 2277 631 2336 attribuo)
664 2280 866 2322 duritiem
897 2280 1112 2335 Cynthiae
1144 2283 1345 2336 expertus
1377 2295 1508 2322 unum
1540 2293 1643 2334 prae
1669 2293 1734 2320 ce-

210 2350 315 2392 teris
352 2351 570 2392 aemulum
606 2350 779 2406 habuit,
815 2354 1060 2406 praetorem
1091 2351 1217 2393 illum
1247 2350 1484 2406 Illyricum.
1529 2350 1601 2405 qui
1634 2363 1734 2391 uere

212 2421 314 2463 anni
350 2421 467 2463 1111113
503 2421 549 2462 111
586 2421 854 2475 prouinciam
892 2422 1086 2465 abiturus
1117 2422 1241 2464 illam
1280 2437 1426 2464 secum
1463 2422 1629 2464 studuit
1660 2421 1735 2462 ab·

212 2490 377 2533 ducere.
418 2506 548 2547 quam
572 2494 622 2533 ut
646 2492 808 2535 Romae
833 2496 1030 2535 maneret
1053 2494 1254 2549 precibus
1281 2494 1370 2536 suis
1403 2493 1582 2535 adduxit
1606 2495 1735 2547 poeta

214 2560 255 2617 (Ι
285 2560 346 2618 8).
389 2577 469 2604 1100
498 2565 646 2604 tamen
675 2564 768 2618 ipse
800 2564 957 2607 abhinc
987 2565 1157 2620 puellae
1189 2579 1335 2606 amore
1364 2564 1449 2606 nisi
1480 2564 1735 2606 breuissime

213 2632 451 2675 fruebatur.
504 2649 605 2676 nam
643 2634 763 2676 rixae
799 2638 973 2678 exortae
1011 2636 1242 2678 effecerunt
1278 2639 1328 2678 ut
1371 2635 1611 2678 amantium
1652 2634 1735 2675 exi-

216 2705 350 2745 steret
386 2704 626 2747 discidium.
680 2707 822 2747 totum
858 2721 935 2760 per
971 2721 1128 2749 annum
1169 2722 1214 2748 se
1252 2707 1470 2748 exclusum
1510 2720 1602 2747 esse
1643 2705 1736 2759 ipse

216 2775 403 2817 testatur
431 2775 454 2817 I
486 2777 524 2830 1,
556 2777 580 2817 7
616 2775 772 2832 (neque
803 2777 917 2818 enim
948 2777 1195 2819 dubitamus
1229 2777 1331 2832 quin
1362 2776 1478 2818 etoto
1515 2799 1564 2804 —
1600 2773 1734 2816 anno'

218 2847 332 2886 recte
367 2845 429 2887 ibi
459 2845 663 2903 legatur).
719 2861 850 2888 causa
886 2850 1031 2889 autem
1068 2847 1235 2890 discidii
1274 2847 1382 2889 leuis
1419 2850 1572 2902 poetae
1610 2846 1736 2901 culpa

218 2914 387 2958 uidetur
417 2916 562 2959 fuisse.
599 2918 691 2972 ipse
722 2917 827 2960 dicit
857 2917 921 2959 III
956 2919 1021 2973 16,
1052 2918 1097 2960 9:
