1898 3190
234 135 260 176 8
754 132 1015 168 PROPERTII
1041 132 1129 168 LlB.
1156 133 1182 168 I.
1210 137 1242 168 5.

967 289 1023 336 V.

352 394 519 449 Inuide,
550 397 597 436 tu
629 394 801 436 tandem
835 408 964 436 uoces
996 408 1216 448 compesce
1249 395 1453 437 molestas

412 465 471 507 Et
504 465 593 507 sine
625 480 705 508 nos
738 481 883 520 cursu,
916 479 1000 520 quo
1033 479 1197 519 sumus,
1229 464 1290 506 ire
1322 480 1458 520 pares.

355 536 466 586 Quid
498 535 580 578 tibi
611 537 696 591 uis,
727 536 906 579 insane?
938 550 1058 578 meae
1092 536 1249 578 sentire
1280 536 1477 579 furores?

415 607 589 663 Infelix,
619 622 826 663 properas
858 607 1012 650 ultima
1043 621 1171 649 nosse
1203 607 1336 662 mala,

304 672 414 722 '5Et
446 679 576 720 miser
607 679 782 734 ignotos
814 678 999 734 uestigia
1031 678 1142 720 ferre
1175 692 1250 733 per
1281 678 1420 733 ignes,

413 749 473 791 Et
504 749 649 791 bibere
681 764 704 791 e
735 752 830 792 tota
860 749 1004 791 toxica
1034 749 1271 791 Thessalia.

355 820 455 863 Non
487 822 553 862 est
582 820 658 862 illa
688 820 812 875 uagis
846 819 1024 875 similis,
1053 820 1244 874 conlata,
1275 820 1449 875 puellis:

415 891 607 934 Molliter
636 891 764 933 irasci
795 905 884 933 non
917 891 1028 933 solet
1059 891 1134 933 illa
1166 891 1258 934 sibi.

357 962 479 1012 Quod
512 962 548 1004 si
578 961 763 1004 fortunis
794 976 882 1004 non
914 964 981 1004 est
1012 962 1228 1004 contraria
1258 962 1435 1018 uestris,

302 1044 344 1077 10
418 1034 478 1076 At
510 1033 591 1076 tibi
623 1047 822 1075 curarum
853 1033 974 1091 milia
1006 1035 1168 1089 quanta
1201 1032 1340 1075 dabit!

357 1106 459 1149 Non
488 1105 570 1147 tibi
601 1105 690 1146 iam
723 1118 915 1160 somnos,
946 1118 1034 1146 non
1065 1104 1143 1146 illa
1172 1104 1386 1159 relinquet
1417 1105 1595 1147 ocellos:

416 1177 500 1218 Illa
531 1176 644 1218 feros
677 1175 832 1217 animis
863 1175 1018 1231 alligat
1047 1190 1134 1217 una
1165 1175 1294 1217 uiros.

360 1249 416 1290 A!
450 1262 545 1290 mea
577 1249 848 1302 contemptus
880 1246 1078 1302 quotiens
1112 1247 1165 1288 ad
1197 1246 1348 1289 limina
1378 1261 1541 1303 curreS,

418 1318 526 1362 Cum
556 1318 638 1360 tibi
670 1317 861 1373 singultu
892 1317 1022 1360 fortia
1053 1317 1188 1360 uerba
1218 1317 1388 1373 cadent,

302 1402 344 1434 15
360 1390 419 1433 Et
449 1391 659 1433 tremulus
691 1389 866 1432 maestis
899 1389 1062 1431 orietur
1093 1389 1265 1431 fletibus
1298 1389 1469 1446 horror,

419 1462 478 1504 Et
507 1462 640 1504 timor
670 1461 899 1504 informem
932 1460 1058 1502 ducet
1089 1460 1134 1502 in
1167 1474 1239 1502 ore
1270 1461 1437 1515 notam,

360 1534 419 1576 Et
452 1547 742 1589 quaecumque
774 1533 894 1575 uoles
926 1531 1097 1588 fugient
1127 1531 1207 1573 tibi
1238 1531 1372 1573 uerba
1403 1531 1617 1587 querenti,

419 1604 510 1648 Nec
541 1605 723 1660 poteris,
755 1604 828 1659 qui
861 1604 918 1646 sis
952 1605 1027 1645 aut
1057 1603 1151 1659 ubi,
1182 1616 1310 1646 nosse
1342 1602 1484 1645 miser.

361 1676 471 1718 Tum
503 1690 635 1732 graue
667 1676 891 1718 seruitium
922 1676 1099 1717 nostrae
1131 1688 1284 1730 cogere
1315 1673 1484 1728 puellae

302 1759 347 1791 20
420 1747 615 1803 Discere,
647 1749 690 1789 et
722 1747 940 1789 exclusum
974 1745 1076 1802 quid
1109 1746 1167 1788 sit
1199 1745 1319 1787 abire
1351 1744 1543 1801 domum3

339 1866 429 1900 VAR.
455 1879 552 1900 LECT.
603 1864 644 1900 V.
694 1864 807 1900 Noua
832 1864 945 1909 elegia
970 1874 1051 1898 cum
1076 1863 1181 1898 titulo
1206 1862 1254 1898 ad.
1279 1861 1422 1907 gallum
1447 1862 1488 1897 iu
1514 1863 1539 1895 0
1570 1862 1582 1906 ΙΙ
1614 1866 1635 1897 2
1661 1873 1771 1906 quae-

243 1936 368 1960 sumus
395 1925 486 1960 6001.
514 1923 726 1967 Hoeufftius
761 1925 773 1968 ΙΙ
810 1926 831 1957 4
856 1933 961 1958 meae
986 1921 1297 1958 Hemsterhusius:
1331 1931 1432 1956 meos
1458 1923 1502 1965 0,
1526 1921 1601 1956 nisi
1625 1921 1721 1966 quod
1745 1925 1772 1955 r

243 1986 286 2020 in
310 1985 376 2020 lac.
403 1986 426 2019 3
452 1983 520 2018 litt.
547 1982 680 2018 omittit
708 1981 819 2028 (feros
845 1984 878 2017 et
901 1991 1004 2017 meos
1029 1992 1074 2015 m.
1100 1982 1126 2016 2
1151 1980 1235 2025 my.)
1269 1979 1275 2025 l
1309 1982 1331 2014 4
1354 1989 1464 2015 nosce
1489 1984 1519 2014 D
1538 1982 1567 2013 V
1599 1980 1611 2025 ΙΙ
1643 1985 1664 2016 6
1689 1984 1774 2016 ante

245 2043 294 2078 Et
312 2042 439 2078 bibere
460 2044 489 2075 A
508 2041 686 2086 Ebibere,
712 2045 739 2074 F
759 2040 906 2076 Elibere
932 2043 1110 2085 repetunt,
1135 2039 1176 2074 in
1200 2039 1265 2074 hoc
1283 2041 1529 2083 suppwnctum
1551 2039 1555 2083 Ι
1578 2049 1598 2074 0
1616 2050 1660 2074 ex
1679 2050 1771 2076 corr.

244 2106 276 2137 N
301 2114 347 2138 m.
373 2106 398 2138 2
438 2104 442 2145 1
481 2100 657 2136 tessalica
681 2103 711 2133 A
737 2097 897 2134 texalica
923 2099 958 2143 (c
983 2110 1027 2134 m.
1054 2102 1080 2134 2
1106 2098 1188 2142 del.)
1213 2101 1252 2131 Ἐκ
1271 2098 1284 2142 ΙΙ
1316 2100 1335 2132 7
1361 2096 1481 2142 magis
1506 2100 1536 2132 A
1561 2109 1578 2145 s
1602 2098 1721 2145 magis
1745 2102 1772 2133 F

246 2163 301 2207 (in
331 2162 396 2197 hoc
427 2171 519 2196 corr.
551 2170 619 2205 my.
645 2171 691 2194 m.
722 2160 761 2202 2)
802 2159 808 2203 Ι
848 2158 995 2193 conlata
1020 2160 1069 2192 N:
1107 2156 1246 2192 collata
1271 2159 1314 2201 0,
1348 2157 1444 2201 quod
1474 2160 1524 2192 est
1553 2160 1772 2203 suspectum
1842 2169 1844 2173 ·

246 2221 381 2257 conieci
406 2229 618 2264 conparque
649 2220 661 2264 Ι]
693 2222 713 2253 8
739 2229 814 2253 11011
838 2217 933 2253 solet
955 2216 1023 2252 illa
1047 2215 1119 2252 tibi
1145 2219 1187 2260 03
1213 2214 1307 2251 sciet
1332 2215 1428 2250 Itali
1451 2217 1644 2261 coniecere,
1677 2217 1774 2253 solet

246 2281 329 2316 illa:
355 2279 446 2315 time
472 2279 752 2321 Lachmauuus,
779 2277 850 2312 sibi
875 2287 936 2322 eqo
961 2276 1106 2321 reposui
1131 2275 1240 2311 Misc.
1268 2274 1357 2311 Urit.
1372 2286 1411 2320 p.
1442 2278 1488 2311 73
1507 2277 1520 2321 ΙΙ
1545 2280 1566 2311 9
1593 2275 1690 2319 Quid
1713 2280 1742 2310 1)
1765 2276 1769 2323 Ι

246 2338 404 2374 fortunis
426 2359 469 2364 —
488 2337 622 2373 uestris
647 2337 781 2382 scripsi
800 2337 822 2371 Ζ.
843 2336 883 2372 l.:
909 2335 1004 2371 forte
1029 2334 1105 2369 ruis
1130 2355 1168 2360 —
1190 2334 1326 2370 nostris
1347 2337 1372 2369 0
1397 2335 1493 2371 forte
1517 2334 1592 2371 tuis
1611 2355 1656 2361 -
1675 2334 1773 2371 uotis

246 2402 277 2432 N
296 2410 340 2434 m.
362 2402 387 2435 2
408 2408 499 2433 corr.
522 2395 608 2442 (tuis
634 2397 741 2432 etiam
760 2399 789 2429 V
808 2407 853 2432 m.
874 2399 911 2440 2,
937 2405 1028 2440 quae
1047 2398 1079 2430 et
1104 2393 1235 2440 ausis),
1261 2393 1357 2430 forte
1376 2394 1509 2430 animis
1531 2415 1573 2420 -
1592 2393 1731 2430 nostris
1749 2404 1772 2433 ς

246 2458 343 2493 forte
370 2456 468 2492 ausis
488 2477 531 2482 —
551 2455 685 2491 uestris
711 2455 909 2499 Heiusius;
942 2465 992 2490 au
1022 2453 1118 2489 forte
1150 2453 1226 2489 suis
1246 2453 1422 2490 —lucris
1447 2453 1468 2489 .9
1505 2454 1518 2499 ΙΙ
1555 2457 1596 2488 11
1637 2456 1773 2499 εὖριιοε

247 2521 277 2552 A
296 2521 327 2551 N
373 2518 378 2563 Ι
429 2516 515 2551 Non
550 2514 623 2550 tibi
658 2515 748 2550 tunc
783 2524 947 2559 somnos,
984 2523 1058 2549 non
1090 2512 1158 2548 illa
1182 2525 1209 2549 r.
1236 2512 1363 2548 ocellis
1395 2512 1633 2558 Fonteinius,
1675 2512 1774 2549 irata

247 2577 312 2613 rel.
349 2575 477 2611 ocellis
509 2575 767 2619 Burmannus,
805 2574 966 2619 equidem
983 2582 1056 2617 pro
1082 2571 1221 2607 ocellos
1247 2572 1446 2617 aliquando
1471 2571 1608 2608 conieci
1631 2571 1773 2617 opellas

247 2637 340 2681 (coll.
378 2635 471 2670 Hor.
497 2635 597 2679 epist.
624 2633 640 2667 I
674 2637 711 2677 7,
739 2634 794 2678 8),
831 2635 873 2668 ut
909 2635 1009 2667 nocte
1034 2632 1159 2676 dieque
1189 2632 1267 2666 sine
1291 2631 1406 2675 quiete
1438 2631 1516 2674 fore
1546 2630 1694 2666 Gallum
1718 2631 1773 2666 di-

250 2696 385 2740 cuturn
406 2698 447 2729 12
475 2692 625 2739 animis]
652 2693 787 2728 conieci
813 2691 933 2731 omnis
958 2692 980 2726 l.
1007 2691 1028 2727 l.
1055 2692 1067 2737 11
1094 2694 1136 2725 13
1162 2690 1221 2725 Ha
1245 2693 1275 2724 A
1294 2694 1321 2724 F
1345 2689 1405 2724 Ah
1423 2693 1452 2723 1)
1471 2693 1502 2724 N
1520 2692 1550 2723 V
1571 2691 1576 2735 Ι
1598 2689 1774 2734 quociens

249 2759 279 2790 A
315 2756 327 2800 ΙΙ
366 2758 408 2789 15
445 2751 614 2789 tremulis
645 2751 807 2786 moestus
838 2753 867 2784 V
898 2761 944 2785 m.
976 2752 1019 2793 ‚23
1049 2748 1230 2784 tremulus
1261 2747 1386 2783 mixtis
1414 2748 1656 2784 Bwrmarmus
1685 2749 1698 2794 ΙΙ
1731 2752 1774 2785 16
1819 2777 1823 2780 .

251 2814 361 2850 docet
385 2816 415 2846 A
433 2816 460 2846 F
491 2812 503 2857 {l
536 2814 577 2845 17
604 2809 706 2845 uolet
730 2809 929 2845 Sautem'us
971 2810 983 2853 ss
1022 2811 1064 2843 18
1091 2818 1200 2844 nosce
1226 2811 1254 2841 D
1273 2810 1303 2841 V
1329 2807 1383 2852 (in
1406 2807 1471 2843 hoe
1495 2818 1586 2844 corr.
1611 2818 1656 2844 m.
1683 2809 1724 2853 2)
1761 2807 1773 2854 Η

250 2877 295 2908 20
321 2872 422 2908 adire
447 2875 474 2904 F
499 2882 543 2906 m.
570 2873 590 2905 1
614 2870 619 2914 Ι
642 2868 751 2905 domo
776 2868 1036 2904 Lachmaunus
