1936 3216
239 192 326 228 XIV
821 194 1201 231 PROLEGOMENA.

240 315 320 356 que
350 307 389 343 D
421 303 466 343 et
494 307 530 343 Γ
561 301 607 343 in
647 302 792 358 aliqua
824 303 1037 358 scriptura
1068 303 1310 346 consentire
1340 303 1554 356 uidemus,
1583 304 1697 346 hanc
1728 306 1772 346 et

237 372 456 428 archetypi
487 372 621 415 fuisse
650 375 746 416 tuto
778 373 880 416 licet
912 376 1111 417 statuere.

354 443 586 500 Hucusque
619 445 786 500 egimus
812 445 863 487 de
889 445 950 487 eis
982 446 1088 488 locis
1116 445 1270 501 quibus
1296 447 1475 501 propter
1499 445 1768 489 familiarum

235 514 479 557 dissensum
518 515 620 572 quid
658 521 694 558 O
732 516 935 559 habuerit
972 516 1264 560 concludendo
1307 517 1460 559 debeat
1499 517 1602 560 erui.
1655 531 1768 559 nunc

235 586 328 641 ipse
360 593 396 628 Ο
435 601 532 629 cum
570 587 653 629 hoc
690 587 818 630 modo
855 590 949 629 tum
986 603 1090 631 uero
1129 603 1180 630 ex
1218 588 1441 644 utriusque
1479 588 1632 631 classis
1671 602 1769 630 con-

236 672 363 700 sensu
406 658 649 700 indubitate
690 659 916 701 restitutus
960 659 1317 714 contemplandus
1357 661 1434 701 est.
1489 674 1586 702 cum
1623 661 1767 702 autem

237 731 365 772 antea
401 729 525 772 libris
564 730 838 785 interpolatis
870 731 937 772 usi
974 745 1063 773 non
1099 730 1321 786 potuerint
1357 732 1495 772 totam
1533 730 1625 773 eius
1668 745 1766 773 con—

239 799 452 842 dicionem
485 815 583 843 uere
611 801 863 857 perspicere,
888 816 1001 844 nunc
1021 801 1192 844 demum
1212 816 1262 844 ca
1287 801 1513 844 manifeste
1539 801 1594 844 ob
1621 802 1767 844 oculos

234 874 405 914 nostros
438 875 505 914 est
535 872 687 927 posita.
744 875 787 914 et
818 887 948 928 quam
973 873 1128 927 multa,
1167 887 1275 928 quae
1308 873 1446 915 adhuc
1475 887 1555 928 pro
1586 872 1766 928 Pmper-

233 943 364 985 tianis
401 943 649 999 habuimus,
694 944 780 986 iam
819 946 1110 986 correctorum
1147 959 1240 986 esse
1284 946 1528 987 commenta
1570 943 1765 1000 agnosci-

234 1015 346 1056 mus!
392 1018 498 1070 quot
528 1015 636 1057 locis
667 1015 786 1069 prius
812 1016 1050 1071 desperatis
1075 1030 1188 1058 nunc
1215 1015 1418 1058 detractis
1443 1014 1654 1058 Italorum
1680 1029 1764 1057 em-

233 1086 409 1140 plastris
453 1086 663 1140 nudisque
708 1087 958 1129 uulneribus
1003 1087 1177 1129 retectis
1220 1102 1335 1130 noua
1379 1087 1573 1130 adhiberi
1617 1088 1764 1141 potest

234 1157 440 1200 medella!
496 1158 560 1200 illi
599 1158 713 1200 enim
751 1161 954 1214 corrupta
994 1161 1193 1214 rectaque
1231 1173 1445 1215 peraeque
1486 1159 1766 1200 attrectantes

236 1229 340 1272 duce
374 1232 473 1272 artev
498 1229 671 1272 modum
703 1230 750 1271 in
779 1230 988 1272 mutando
1026 1232 1173 1272 tenere
1203 1230 1465 1273 nesciebant.
1516 1245 1644 1272 unam
1675 1244 1764 1272 rem

233 1316 284 1343 ex
317 1302 464 1344 multis
502 1316 710 1356 promam.
769 1300 914 1343 Ouidii
944 1301 1133 1343 numeris
1171 1300 1441 1344 mollioribus
1479 1301 1648 1343 adsueti
1677 1315 1766 1343 non

231 1373 480 1415 tolerabant
510 1373 623 1429 Itali,
655 1372 864 1428 siquando
896 1374 1027 1427 poeta
1059 1387 1178 1415 more
1211 1372 1394 1415 aliorum
1428 1372 1498 1425 [cf.
1524 1371 1762 1415 Meinekius

231 1444 364 1499 praef.
396 1444 450 1486 ad
493 1444 598 1487 Hor.
636 1461 676 1500 p.
708 1445 765 1487 23
810 1447 853 1486 et
895 1443 941 1486 L.
973 1443 1203 1486 Muellerus
1249 1444 1301 1486 de
1345 1458 1391 1486 re
1434 1446 1555 1486 metr.
1586 1459 1628 1499 p.
1658 1445 1763 1498 210]

232 1516 470 1558 masculum
508 1516 706 1558 uersibus
745 1516 940 1572 uigorem
978 1515 1138 1558 addens
1178 1517 1379 1571 quartum
1415 1515 1655 1558 hexametri
1691 1531 1764 1571 pe-

232 1587 329 1629 dem
361 1602 411 1630 ex
442 1602 547 1630 uoce
581 1587 813 1642 spondiaca
843 1587 982 1630 uoluit
1014 1589 1231 1642 constare3
1270 1587 1406 1629 ueluti
1436 1586 1458 1628 I
1488 1587 1534 1642 9,
1565 1587 1619 1629 31
1655 1586 1763 1630 ‘illis

231 1661 274 1700 et
306 1659 447 1701 silices
468 1661 511 1701 et
542 1661 726 1714 possunt
754 1659 902 1701 cedere
927 1657 1125 1714 quercus'
1151 1658 1464 1701 correctoribus
1497 1656 1697 1714 ‘possunt
1720 1661 1765 1700 et

231 1729 401 1772 cedere'
446 1732 490 1772 et
525 1729 591 1772 III
631 1731 674 1786 1,
710 1730 762 1772 19
803 1729 989 1786 ‘mollia,
1027 1729 1278 1786 Pegasides,
1324 1729 1422 1772 date
1465 1731 1610 1772 uestro
1648 1731 1764 1772 serta

230 1801 406 1858 poetae'
448 1798 492 1843 id
530 1801 643 1857 quod
681 1803 748 1844 est
786 1801 952 1844 ‘uestro
999 1800 1119 1843 date'
1159 1800 1334 1843 suauius
1375 1800 1577 1856 sonabat3
1620 1802 1664 1842 et
1701 1801 1763 1843 ita

231 1874 338 1916 alibi
359 1887 539 1929 quoque.
585 1872 692 1915 haec
726 1872 896 1928 aliaque
929 1873 1065 1914 multa
1091 1874 1252 1915 temere
1278 1872 1332 1913 ab
1358 1871 1445 1913 illis
1471 1872 1687 1914 inmutata
1715 1872 1762 1914 in

228 1947 396 1986 textum
426 1944 673 1999 reponendo
705 1946 754 1986 ut
785 1959 862 1986 sua
894 1944 1119 1999 Propertio
1151 1943 1327 1985 reddere
1359 1943 1481 1998 licet,
1517 1943 1580 1986 ita
1610 1943 1760 1998 pleris-

230 2031 311 2072 que
342 2016 447 2058 locis
480 2016 715 2070 desperatis
747 2029 895 2058 ueram
928 2015 1093 2057 adferre
1124 2015 1320 2070 salutem,
1351 2014 1521 2069 quando
1553 2015 1641 2056 iam
1671 2029 1760 2058 non

229 2087 458 2129 fallacibus
495 2086 715 2142 figmentis
752 2101 831 2141 pro
870 2086 1041 2128 criticae
1081 2085 1338 2128 exercendae
1375 2084 1658 2127 fundamento
1695 2086 1760 2127 uti

229 2158 445 2200 debemus.

347 2229 411 2270 De
444 2231 586 2272 aetate
617 2229 718 2271 libri
738 2236 773 2272 Ο
806 2230 970 2271 certum
1002 2227 1163 2283 aliquid
1188 2227 1455 2283 pronuntiari
1473 2227 1624 2283 nequit
1647 2226 1757 2284 (sae—

228 2301 323 2342 culo
366 2300 454 2342 fere
492 2300 533 2342 X
570 2300 783 2355 scriptura
827 2315 956 2355 quam
1003 2301 1162 2342 uocant
1197 2298 1507 2354 langobardica
1553 2313 1651 2340 eum
1687 2313 1756 2341 ex-

226 2374 402 2432 aratum*
433 2386 527 2414 esse
560 2386 656 2414 mea
694 2374 760 2414 est
798 2371 982 2426 suspitio
1015 2368 1184 2427 dubia),
1222 2370 1422 2426 deestque
1461 2370 1592 2412 etiam
1623 2370 1756 2425 filum,

227 2457 310 2498 quo
357 2442 462 2485 duce
505 2443 732 2485 historiam
775 2444 919 2485 textus
963 2441 1236 2496 Propertiani
1280 2441 1395 2483 ultra
1439 2455 1757 2497 persequamur.

229 2514 290 2556 sic
322 2514 449 2556 certis
480 2514 647 2556 indiciis
677 2514 972 2556 deficientibus
1005 2512 1217 2569 agendum
1249 2515 1316 2555 est-
1345 2512 1586 2555 rationibus
1616 2513 1755 2569 magis

227 2586 539 2628 communibus.
570 2600 672 2627 nam
700 2586 805 2627 utile
831 2599 934 2627 sane
960 2584 1067 2626 duco
1087 2583 1363 2639 Propertium
1388 2584 1435 2625 in
1459 2583 1754 2639 integritatem

226 2657 510 2712 restituturis,
547 2656 819 2699 saeculorum
856 2663 892 2698 0
930 2655 1278 2711 praecedentium
1314 2655 1471 2697 habere
1513 2657 1755 2709 respectum

227 2730 442 2785 probeque
461 2728 680 2771 reminisci
700 2728 843 2770 uarias
863 2726 1193 2782 uicissitudines,
1207 2726 1361 2781 quibus
1379 2726 1574 2766 ueterum
1594 2725 1754 2780 scripta

225 2800 325 2842 inde
358 2800 411 2842 ab
444 2798 754 2855 antiquissimis
786 2797 1055 2853 temporibus
1083 2799 1206 2839 erant
1230 2795 1428 2839 obnoxia.
1476 2809 1613 2850 neque
1638 2797 1752 2838 enim

225 2872 372 2927 unius,
404 2871 478 2913 sed
515 2869 751 2912 multorum
783 2869 1060 2911 librariorum
1093 2869 1246 2910 erratis
1284 2865 1470 2909 inmanis
1501 2865 1581 2908 illa
1611 2867 1752 2922 qualis

224 2943 269 2984 in
301 2949 336 2984 0
375 2941 638 2996 conspicitur
677 2940 926 2995 deprauatio
964 2939 1137 2982 tandem
1176 2939 1327 2981 effecta
1363 2940 1439 2979 est.
1496 2939 1539 2979 et
1574 2937 1655 2980 hos
1692 2937 1751 2979 di-
