1898 3190
244 176 302 219 52
747 181 1008 217 PROPERTII
1033 182 1122 219 LIB.
1147 183 1192 221 11.
1218 188 1252 220 9.

422 287 686 343 Appositum
717 289 842 332 flauis
874 290 920 332 in
952 289 1174 334 Simoenta
1204 293 1347 348 uadis,

363 358 656 415 Foedauitque
689 376 853 416 comas,
884 364 928 403 et
957 362 1069 404 tanti
1100 377 1256 418 corpus
1288 363 1470 406 Achillis

425 429 702 487 Maximaque
734 433 780 474 111
809 447 946 487 parua
978 433 1154 475 sustulit
1185 449 1284 476 ossa
1313 450 1461 490 manu,

311 512 352 541 15
368 500 545 550 Quando
577 502 639 544 ibi
669 517 752 545 1100
783 503 936 546 Peleus
969 504 1120 546 aderat
1148 519 1228 547 nec
1259 506 1431 548 caerula
1461 509 1599 549 mater

422 570 571 627 Scyria
602 587 680 614 nec
712 574 843 616 uiduo
874 574 1102 616 Deidamia
1132 577 1240 618 toro.

362 642 482 685 Tunc
513 643 647 697 igitur
678 645 809 687 castis
842 646 1060 700 gaudebat
1090 645 1273 689 Graecia
1303 648 1471 703 nuptis,

420 713 539 756 Tunc
573 715 705 757 etiam
735 716 839 758 felix
870 718 984 759 inter
1015 719 1058 759 et
1091 732 1211 759 arma
1241 719 1390 773 pudor.

364 783 423 827 At
452 787 501 827 tu
532 800 621 828 11011
650 801 737 828 una
767 787 948 842 potuisti
980 790 1107 830 nocte
1139 803 1310 845 uacare,

303 866 348 898 20
422 856 582 912 Impia,
613 871 701 899 non
732 871 865 899 unum
897 858 1196 900 sola-manere
1228 859 1352 903 diem.

363 927 476 978 Quin
509 928 640 970 etiam
671 929 808 971 multo
842 928 1001 970 duxisti
1032 929 1186 984 pocula
1215 930 1320 973 risu:

417 998 621 1041 Forsitan
652 1001 696 1040 et
726 998 777 1041 de
809 1013 877 1040 me
908 999 1043 1041 uerba
1072 999 1192 1041 fuere
1223 1001 1351 1043 mala.

359 1069 442 1112 Hic
474 1069 606 1112 etiam
637 1069 820 1124 petitur,
852 1070 924 1124 qui
954 1071 998 1111 te
1029 1070 1149 1125 prius
1180 1071 1272 1125 ipse
1303 1071 1492 1127 reliquit.

417 1140 474 1182 Di
505 1140 687 1196 faciant,
718 1141 802 1183 isto
836 1142 961 1195 capta
992 1140 1133 1183 fruare
1164 1142 1278 1184 uiro!

299 1220 344 1252 25
358 1209 477 1253 Haec
509 1211 617 1253 mihi
648 1214 752 1253 uota
782 1214 901 1253 tuam
931 1214 1109 1267 propter
1140 1215 1340 1268 suscepta
1372 1214 1575 1271 salutem,

419 1281 527 1325 Cum
560 1282 701 1337 capite
732 1282 815 1324 hoc
848 1281 1024 1338 Stygiae
1056 1283 1143 1324 iam
1173 1285 1424 1338 poterentur
1454 1300 1609 1341 aquae,

357 1352 416 1395 Et
446 1354 607 1396 lectum
637 1353 788 1395 flentes
821 1354 980 1395 circum
1012 1356 1224 1396 staremus
1257 1355 1414 1397 amici?

416 1424 514 1480 Dic,
546 1425 621 1467 ubi
652 1430 762 1480 tum,
793 1439 872 1479 pro
906 1425 966 1480 di,
997 1425 1184 1480 perfidus
1216 1426 1298 1468 iste
1330 1426 1443 1469 fuit?

358 1494 468 1545 Quid
501 1497 538 1539 si
567 1497 829 1552 longinquos
859 1496 1066 1538 retinerer
1097 1496 1220 1539 miles
1253 1497 1306 1539 ad
1337 1497 1486 1553 Indos,

297 1577 343 1608 30
416 1566 506 1609 Aut
535 1582 632 1609 mea
664 1567 700 1609 si
734 1569 868 1609 staret
897 1567 1023 1609 nauis
1055 1567 1100 1608 111
1132 1566 1334 1610 Oceano?

360 1636 442 1679 Sed
474 1639 598 1681 uobis
629 1639 756 1680 facile
789 1640 855 1680 est
886 1638 1019 1680 uerba
1050 1640 1094 1680 et
1125 1653 1377 1694 componere
1409 1638 1601 1682 fraudes:

417 1709 512 1752 Hoc
544 1724 677 1752 unum
709 1709 859 1751 didicit
887 1708 1050 1750 femina
1082 1723 1249 1764 semper
1281 1724 1400 1764 opus,

356 1779 457 1823 Non
488 1781 549 1823 sic
579 1781 742 1823 incerto
775 1782 996 1822 mutantur
1026 1780 1197 1822 flamine
1229 1779 1395 1836 Syrtes,

1605 540 1616 562 ²

331 1968 421 2004 Vin.
448 1980 546 2004 Lacr.
600 1972 641 2003 12
668 1967 889 2014 Appositum
916 1973 944 2002 D
965 1972 1009 2003 V:
1036 1967 1271 2012 Propositum
1296 1971 1324 2001 F
1343 1971 1375 2001 N
1402 1969 1408 2013 Ι
1434 1967 1542 2003 flauis
1567 1968 1763 2005 Heinsius:

237 2026 359 2062 fluuiis
386 2030 429 2072 0,
455 2038 526 2072 quo
549 2031 695 2063 seruato
719 2027 827 2073 uagis
861 2027 1025 2072 Unyeras
1051 2026 1243 2061 Xanthum
1267 2027 1485 2072 intelleyem,
1511 2026 1625 2063 fuluis
1649 2037 1671 2065 ς
1688 2029 1702 2073 Ι
1722 2031 1765 2063 13

239 2090 277 2122 et
301 2087 399 2122 tanti
424 2090 637 2132 corruptum
661 2088 825 2130 uidam-3
851 2087 899 2121 ad
924 2085 1042 2121 functi
1068 2098 1097 2121 c.
1124 2085 1258 2120 Achiui
1283 2086 1326 2121 L.
1355 2086 1558 2122 Muellerus
1575 2087 1669 2121 male
1687 2088 1766 2132 (nec

237 2148 332 2182 enim
356 2147 504 2182 functus
524 2158 596 2192 pro
622 2147 790 2181 mortuus
810 2147 972 2190 positum
998 2146 1112 2180 bonae
1138 2145 1336 2180 latinitatis
1360 2147 1442 2190 est),
1467 2146 1596 2180 melius
1620 2145 1765 2182 siccans

236 2205 307 2241 tibi
346 2218 375 2242 c.
402 2205 548 2242 Achille
583 2206 713 2242 Theod.
746 2205 893 2240 Birtius
931 2205 1089 2251 (symbol.
1125 2205 1175 2239 ad
1205 2204 1285 2240 hist.
1320 2204 1459 2239 hexam.
1493 2205 1573 2250 lat„
1609 2204 1766 2241 Romae

238 2268 338 2302 1876
356 2277 396 2311 p.
426 2266 505 2311 37);
545 2266 719 2310 optimum
744 2267 838 2309 puto
869 2265 911 2298 ut
942 2265 1090 2309 raptum
1116 2274 1249 2308 corpus
1281 2263 1330 2298 ab
1353 2262 1434 2308 igni
1466 2263 1521 2307 (et
1543 2263 1639 2298 lauti
1663 2274 1695 2300 0.
1719 2263 1762 2300 A.

239 2325 346 2361 Conr.
373 2325 613 2369 Rossberyius
632 2335 769 2368 parum
794 2319 877 2367 apte
896 2326 981 2367 post
1005 2334 1040 2358 a.
1070 2323 1127 2367 11)
1168 2321 1173 2368 Ι
1207 2321 1355 2363 achillis
1381 2324 1423 2357 0:
1449 2321 1577 2357 achilli
1601 2325 1634 2356 Π
1668 2323 1682 2367 ΙΙ
1721 2326 1765 2357 14

237 2383 415 2418 substulit
439 2387 466 2416 F
485 2384 497 2429 ΙΙ
518 2386 560 2417 15
588 2381 821 2425 Quand0.ibi
843 2382 953 2416 Itali:
981 2380 1101 2423 Quom
1127 2380 1235 2425 (Quo)
1260 2380 1330 2415 tibi
1355 2385 1384 2414 Ι)
1403 2383 1433 2414 V
1459 2379 1550 2415 Cum
1574 2380 1646 2416 tibi
1663 2383 1735 2415 1¹¹8
1757 2381 1762 2428 Ι

238 2442 365 2487 peleus
390 2445 420 2475 V
444 2453 488 2477 m.
516 2446 559 2486 2,
586 2445 634 2476 N:
660 2441 804 2486 pelleus
830 2443 855 2474 0
891 2441 904 2485 ΙΙ
942 2443 986 2475 16
1025 2439 1142 2474 Sciria
1166 2443 1193 2472 F
1215 2440 1221 2483 Ι
1247 2440 1330 2474 toro
1357 2439 1468 2474 Itali:
1500 2439 1582 2475 uiro
1607 2442 1632 2473 0
1668 2441 1683 2485 Ι
1720 2443 1763 2476 17

237 2501 349 2536 castis
375 2506 403 2534 D
423 2504 469 2536 V:
495 2501 585 2536 uiris
611 2505 638 2534 F
657 2504 688 2535 N
713 2499 811 2535 ueris
832 2509 870 2542 ς;
896 2499 1057 2534 conicias
1081 2498 1192 2534 certis
1213 2500 1219 2544 Ι
1241 2497 1387 2544 graetia
1404 2500 1435 2531 V
1456 2498 1461 2541 Ι
1482 2497 1610 2543 nuptis
1631 2499 1766 2544 scripsi

237 2559 363 2604 (Misc.
391 2559 480 2595 Grit.
502 2571 541 2604 p.
569 2562 645 2605 86):
671 2560 769 2595 natis
794 2562 819 2593 0
850 2559 863 2604 ΙΙ
893 2562 935 2592 21
963 2557 1102 2592 duxisti
1128 2561 1171 2592 0:
1198 2556 1353 2592 duxistis
1377 2559 1408 2590 Π
1432 2557 1444 2600 ΙΙ
1468 2559 1515 2591 24
1540 2555 1601 2591 Dii
1627 2560 1653 2591 0
1681 2559 1687 2601 Ι
1709 2557 1762 2592 fa-

236 2618 334 2653 tiant
358 2622 390 2652 Ν
426 2620 439 2663 ΙΙ
475 2623 535 2654 25“
557 2619 636 2654 Νο0
666 2623 711 2663 Ἐς
745 2617 847 2661 Quae
871 2617 1093 2652 Kainoelius
1116 2616 1166 2651 Et
1190 2615 1450 2651 Laehmaoemus
1478 2615 1492 2660 ΙΙ
1527 2619 1572 2651 26
1598 2615 1701 2661 capit
1723 2617 1764 2661 (11

237 2688 354 2722 supra
378 2678 405 2723 i)
442 2677 503 2712 hic
539 2681 585 2721 F,
621 2688 713 2714 corr.
739 2689 783 2713 m.
810 2680 836 2713 2
882 2678 888 2721 Ι
934 2676 1150 2721 poterentur
1174 2679 1222 2710 N:
1255 2674 1474 2719 potarentur
1497 2677 1525 2707 F
1549 2674 1764 2719 peterentur

235 2743 264 2772 1)
283 2739 314 2771 V
343 2738 356 2782 ΙΙ
387 2740 432 2772 28
458 2735 526 2772 Dic
552 2736 596 2771 G.
627 2736 665 2771 T.
693 2736 895 2782 Surinyar:
922 2734 992 2770 Η10
1018 2738 1042 2768 0
1072 2734 1077 2779 Ι
1105 2745 1172 2778 pro
1199 2732 1250 2767 dii
1276 2737 1304 2766 D
1323 2736 1350 2766 F
1374 2733 1417 2767 tu
1431 2759 1534 2768 .....
1549 2732 1603 2768 dii
1626 2733 1712 2777 (ras.
1738 2737 1762 2768 5

236 2798 319 2841 litt.)
345 2800 375 2830 V
399 2807 444 2832 m.
471 2799 491 2830 1
525 2797 581 2840 (tsi
607 2795 700 2840 proh
736 2795 788 2829 dii
814 2806 858 2830 m.
884 2796 924 2837 2)
955 2794 1049 2839 proh
1082 2792 1132 2827 dii
1158 2795 1189 2826 N
1229 2794 1234 2836 Ι
1274 2791 1435 2837 perfidus
1465 2790 1537 2826 iste
1564 2792 1760 2828 Marklan-

235 2856 321 2890 (ἶπες
348 2855 490 2900 perfida
513 2853 643 2899 quisue
670 2856 745 2897 (-ne
771 2855 811 2898 F)
837 2857 862 2888 0
905 2855 917 2898 ΙΙ
959 2857 1005 2887 30
1038 2862 1198 2888 occeano
1223 2855 1251 2884 1>
1270 2854 1297 2885 Ε·
1316 2854 1347 2885 Π
1392 2852 1398 2897 Ι
1443 2854 1488 2886 33
1519 2849 1684 2886 incertae
1703 2861 1724 2888 ς
1752 2850 1758 2898 Ι

235 2913 343 2949 sirtes
367 2917 395 2947 F
