1898 3190
236 166 292 207 68
660 170 919 206 PROPERTH
945 171 1034 206 LIB.
1062 172 1106 207 11.
1135 175 1189 208 18.
1218 173 1289 208 18¹²,

309 291 313 295 ·
354 274 466 324 Quin
499 291 579 332 ego
613 278 813 320 deminuo
846 294 1010 334 curam,
1043 279 1157 334 quod
1188 294 1314 335 saepe
1346 279 1510 335 Cupido

412 345 539 388 Nunc
570 348 710 390 malus
743 363 836 390 esse
869 350 997 404 solet,
1030 351 1131 404 quoi
1162 351 1301 393 bonus
1334 354 1434 394 anize
1465 351 1560 394 fuit.

895 620 1095 671 XVHP.

350 723 476 766 Nunc
509 725 640 767 etiam
671 726 855 768 infectos
887 728 1062 769 demens
1095 729 1265 770 imitare
1295 729 1547 784 Britannos,

408 794 540 837 Ludis
573 798 617 838 eia
647 799 822 839 externo
854 798 992 840 tincta
1022 799 1161 841 nitore
1193 799 1352 854 caput?

291 876 335 907 25
349 862 411 908 Uss
440 870 597 909 natura
628 867 761 920 dedit,
794 869 854 911 sic
886 870 1026 911 omnis
1057 873 1175 913 recta
1205 870 1343 926 figura
1375 873 1456 913 est:

409 938 564 993 Turpis
596 939 792 982 Romano
823 939 1025 996 Belgicus
1058 956 1130 984 ore
1162 942 1290 983 color.

347 1007 418 1050 Illi
453 1010 531 1051 sub
564 1010 691 1052 terris
723 1011 832 1053 fiant
863 1012 978 1054 mala
1010 1012 1147 1054 multa
1177 1013 1363 1068 puellae,

290 1090 333 1122 28
409 1079 526 1129 Quae
558 1082 739 1123 mentita
769 1097 868 1124 suas
899 1084 1032 1125 uertit
1062 1084 1209 1138 inepta
1241 1079 1425 1126 comas!'

288 1162 331 1192 31
350 1150 422 1192 An
455 1152 491 1194 si
525 1154 718 1195 caeruleo
751 1153 960 1209 quaedam
993 1157 1296 1210 sua‘tempora
1326 1155 1424 1197 fuco

287 1233 332 1264 32
408 1222 620 1276 Tinxerit,
650 1223 808 1267 idcirco
841 1225 1012 1266 caerula
1042 1224 1182 1267 forma
1213 1225 1329 1268 bona
1360 1224 1456 1267 est?

288 1303 331 1335 29
346 1291 525 1335 Desine:
557 1294 617 1335 mi
649 1310 724 1350 per
754 1298 797 1337 te
829 1296 989 1350 poteris
1021 1296 1212 1338 formosa
1242 1296 1397 1348 uideri,

289 1375 334 1406 30
407 1364 468 1406 Mi
500 1365 690 1407 formosa
723 1369 790 1408 sat
821 1381 884 1419 es,
917 1367 954 1408 si
985 1367 1111 1409 modo
1144 1382 1270 1423 saepe
1301 1369 1436 1410 uenis.

287 1447 331 1477 33
347 1435 456 1478 Cum
486 1436 566 1478 tibi
596 1452 674 1478 nec
705 1437 839 1479 frater
870 1452 948 1479 nec
980 1437 1037 1479 sii:
1067 1438 1147 1479 tibi
1177 1438 1291 1480 filius
1322 1438 1454 1494 ullus,

405 1506 558 1548 Frasser
589 1522 670 1563 ego
702 1511 745 1550 et
774 1508 858 1550 tibi
891 1508 972 1550 sim
1005 1509 1117 1550 filius
1149 1524 1261 1551 unus
1293 1524 1386 1566 ego.

286 1589 330 1620 35
346 1577 444 1632 Ipse
475 1580 575 1619 tuus
608 1593 775 1633 semper
806 1578 888 1620 tibi
920 1579 977 1620 sit
1008 1580 1203 1622 custodia
1233 1580 1388 1636 lectus,

405 1648 498 1691 Nec
528 1650 657 1691 m'mis
690 1652 845 1691 ornata
875 1649 1018 1691 fronte
1051 1649 1196 1691 sedere
1227 1650 1348 1692 uelis.

345 1718 527 1761 Credam
559 1734 637 1775 ego
670 1720 867 1761 narranti
898 1718 1006 1776 (noli
1038 1720 1322 1777 committere)
1354 1721 1516 1764 famae:

402 1790 463 1832 Et
492 1794 629 1834 terras
660 1807 808 1834 rumor
837 1792 1029 1833 transilit
1059 1794 1102 1832 et
1133 1792 1279 1834 maria.

321 2050 412 2085 Vin.
438 2063 538 2085 mor.
589 2054 632 2085 21
659 2049 834 2086 deminuo
859 2054 906 2086 N:
933 2050 1099 2086 diminuo
1126 2051 1244 2096 01122
1271 2050 1378 2086 Nunc
1403 2053 1445 2086 0:
1471 2051 1566 2087 Huic
1588 2055 1616 2086 F
1641 2064 1686 2088 m.
1711 2056 1751 2098 2,

223 2111 254 2142 V
279 2120 324 2144 m.
349 2112 387 2154 2,
413 2113 444 2143 Ν
466 2109 471 2156 Ι
494 2109 553 2144 cui
576 2113 603 2143 F
623 2113 654 2143 N
680 2111 723 2154 (V
747 2121 791 2146 m.
818 2111 858 2154 2)
886 2109 950 2154 qui
973 2114 1001 2144 1)
1021 2113 1069 2154 V,
1095 2110 1191 2144 unde
1215 2109 1302 2154 quoi
1328 2120 1389 2154 eyo

318 2179 471 2217 XVIIIb.
524 2180 694 2216 Cohaeret
717 2181 759 2216 in
779 2183 804 2215 0
818 2181 1026 2226 prioribus,
1051 2180 1183 2215 diuisit
1200 2180 1422 2215 Kuinoelius
1439 2181 1452 2226 ΙΙ
1471 2184 1515 2216 23
1535 2182 1680 2216 mutare
1698 2181 1746 2229 F}

223 2239 442 2276 brithannos
467 2243 512 2283 Ἐς
538 2240 700 2275 Batauos
730 2239 893 2286 Guyetus
919 2239 1128 2275 Sicambros
1153 2239 1395 2274 Burmannus
1429 2240 1443 2284 ss
1473 2244 1519 2275 24
1543 2240 1676 2276 Laedis
1700 2241 1747 2276 A.

223 2300 442 2344 Kraffertus
463 2299 561 2334 Phil.
581 2298 686 2334 XXII
699 2303 767 2334 343
785 2299 790 2346 Ι
807 2300 958 2334 externo
985 2301 1026 2332 0:
1055 2299 1228 2334 hesterno
1246 2302 1277 2332 V
1301 2311 1369 2344 my.
1394 2311 1439 2336 m.
1460 2299 1568 2346 21125
1594 2301 1695 2335 tecta
1719 2301 1749 2333 V

223 2371 270 2395 m.
296 2363 322 2395 2
345 2360 350 2403 Ι
373 2359 431 2394 esb
454 2370 520 2394 om.
546 2362 574 2392 F
599 2371 644 2394 m.
670 2362 690 2393 1
711 2360 785 2403 1127
813 2351 1022 2393 multa'om.
1048 2361 1092 2400 F,
1119 2359 1203 2392 add.
1230 2369 1296 2403 my.
1323 2370 1367 2395 m.
1393 2362 1419 2395 2
1438 2359 1451 2403 ΙΙ
1469 2370 1550 2402 uu,
1575 2359 1640 2403 qui
1662 2362 1750 2393 sunt

223 2419 266 2453 in
292 2422 316 2452 0
343 2423 405 2462 29,
432 2422 477 2453 30
503 2422 535 2453 et
561 2422 624 2463 31,
650 2422 714 2463 32,
752 2418 895 2462 traieci,
933 2417 1172 2452 Lachmanno
1190 2417 1389 2462 praeeunte
1422 2418 1487 2462 qui
1510 2421 1567 2462 29,
1593 2421 1639 2453 30
1663 2421 1748 2453 ante

225 2481 268 2512 27
292 2480 464 2522 posuerat
488 2478 501 2522 ΙΙ
527 2481 570 2512 31
597 2479 649 2511 At
673 2479 703 2510 V
727 2488 793 2522 my.
818 2488 862 2512 m.
889 2480 914 2512 2
938 2476 942 2519 Ι
970 2475 1055 2510 fuco
1081 2479 1107 2508 F
1127 2479 1158 2509 N
1184 2478 1227 2521 (V
1252 2487 1320 2521 my.
1345 2487 1390 2510 m.
1414 2477 1475 2521 2):
1500 2487 1610 2511 succo
1631 2481 1661 2510 D
1681 2479 1712 2511 V
1734 2476 1748 2523 Η

224 2563 268 2594 29
294 2559 431 2595 Desine
455 2561 588 2604 scripsi
614 2560 724 2596 Misc.
746 2559 837 2594 Urit.
859 2570 898 2603 p.
920 2562 981 2592 90:
1009 2558 1063 2592 De
1089 2569 1147 2593 me
1169 2561 1194 2591 0
1216 2559 1221 2602 Ι
1243 2558 1293 2593 mi
1317 2563 1346 2592 1)
1366 2560 1412 2592 V:
1439 2542 1475 2593 iii
1500 2562 1528 2592 F
1552 2558 1667 2594 michi
1685 2562 1717 2593 X
1737 2559 1742 2607 Ι

223 2630 290 2663 per
308 2620 346 2653 te
362 2619 574 2663 Hoeufftius
594 2619 804 2663 (iterumque
818 2617 868 2652 H.
882 2617 1043 2653 Bosseha
1056 2618 1416 2663 Lachmannusque):
1442 2619 1539 2653 certe
1555 2617 1664 2665 01130
1689 2620 1748 2654 sat

224 2691 263 2714 es
289 2678 484 2713 Heinsius:
510 2678 600 2712 satis
626 2681 651 2711 0
670 2678 682 2722 ΙΙ
701 2681 745 2712 35
772 2678 845 2712 Iste
870 2679 900 2710 V
924 2687 992 2721 my.
1018 2688 1063 2712 m.
1084 2680 1110 2712 2
1129 2677 1141 2721 ΙΙ
1160 2680 1204 2710 36
1230 2676 1354 2722 nimis]
1381 2688 1500 2722 nynus
1519 2677 1557 2722 (y
1576 2688 1620 2712 ex
1639 2679 1745 2723 corr.)

223 2741 268 2783 F,
294 2747 386 2772 corr.
411 2748 456 2771 m.
482 2741 508 2772 2
545 2738 558 2781 ΙΙ
594 2742 638 2773 37
665 2737 783 2773 Credo
807 2739 837 2770 V
861 2747 907 2773 m.
932 2739 953 2770 1
995 2737 1000 2780 Ι
1041 2735 1182 2771 comiht.
1207 2740 1236 2769 1>
1279 2736 1292 2780 ΙΙ
1333 2738 1378 2770 38
1421 2736 1539 2770 terras
1565 2735 1742 2782 Gwyetus:

222 2798 361 2832 terram
387 2799 412 2830 0
435 2798 439 2840 Ι
461 2797 668 2832 transuolat
694 2797 883 2832 Francius

1888 1865 1898 1887 ἱ

1872 2755 1898 2784 ι

1853 2785 1893 2858 ῗ

1859 2884 1886 2924 ⁵3

1853 3042 1883 3077 ΪτΚ

1840 3101 1878 3184 {i
