1898 3190
241 141 324 182 176
737 142 999 181 PROPERTII
1023 143 1115 182 LIB.
1139 143 1202 180 IV.
1229 149 1260 180 6.

356 250 467 292 Hinc
500 251 700 305 Augusta
731 250 837 292 ratis
870 251 1009 306 plenis
1041 251 1160 294 Iouis
1193 252 1336 294 omine
1367 253 1495 307 uelis,

418 319 635 375 Signaque
667 321 753 362 iam
785 322 952 376 patriae
985 322 1156 365 uincere
1188 322 1313 365 docta
1345 337 1458 364 suae.

297 402 340 432 25
357 391 547 433 Tandem
579 392 715 434 aciem
748 393 945 448 geminos
977 392 1140 435 Nereus
1174 394 1348 436 lunarat
1377 394 1423 435 in
1454 408 1599 449 arcus,

417 463 647 504 Armorum
680 465 722 504 et
752 464 884 506 radiis
917 465 1003 507 icta
1034 465 1250 507 tremebat
1282 480 1410 521 aqua,

358 532 466 574 Cum
497 533 699 576 Phoebus
731 535 929 591 linquens
963 538 1148 577 stantem
1181 550 1226 576 se
1258 535 1424 578 uindice
1455 535 1594 578 Delon

416 603 548 660 (Nam
580 605 682 646 tulit
712 605 846 648 iratos
880 606 1052 648 mobilis
1083 605 1197 648 unda
1227 605 1388 662 Notos)

356 675 540 717 Adstitit
572 676 759 732 Augusti
789 677 971 732 puppim
1003 692 1147 732 super,
1179 679 1222 718 et
1251 692 1366 720 noua
1395 677 1570 720 flamma

298 758 342 789 30
416 747 546 788 Luxit
576 746 622 788 in
653 748 875 803 obliquam
906 751 972 790 ter
1003 748 1174 790 sinuata
1204 748 1354 791 facem.

356 816 455 860 Non
485 818 560 860 ille
593 819 798 861 attulerat
829 819 968 861 crines
1000 819 1047 860 in
1077 819 1190 861 eolla
1222 819 1388 862 solutos

414 889 504 931 Aut
535 889 804 932 testudineae
836 904 1007 932 carmen
1038 890 1201 932 inerme
1231 890 1369 945 lyrae,

357 959 440 1002 Sed
471 960 587 1015 quali
619 961 785 1015 aspexit
814 960 1049 1015 Pelopeum
1074 962 1401 1017 Agamemnona
1433 962 1554 1004 uultu

414 1031 674 1088 Egessitque
707 1031 843 1074 auidis
875 1030 1036 1074 Dorica
1067 1035 1209 1074 castra
1239 1033 1377 1088 rogis,

297 1113 342 1145 35
357 1102 447 1145 Aut
478 1103 615 1159 qualis
646 1103 779 1145 flexos
812 1103 946 1145 soluit
976 1102 1176 1158 Pythona
1206 1118 1282 1158 per
1314 1103 1438 1145 orbes

416 1173 685 1230 Serpentem,
717 1174 896 1216 inbelles
929 1189 1055 1229 quem
1086 1174 1267 1216 timuere
1299 1174 1415 1218 deae.

356 1245 458 1288 Mox
491 1245 552 1288 ait
584 1245 625 1288 ‘o
657 1246 790 1301 longa
821 1246 969 1287 mundi
1002 1248 1199 1288 seruator
1229 1246 1283 1288 ab
1315 1246 1449 1301 Alba,

416 1317 630 1373 Auguste,
661 1316 886 1359 Hectoreis
918 1317 1090 1372 cognite
1121 1317 1258 1359 maior
1289 1317 1400 1372 auis,

356 1388 491 1431 Vince
522 1389 648 1430 mari:
681 1388 767 1430 iam
799 1390 915 1430 terra
946 1390 1022 1430 tua
1052 1390 1128 1430 est.
1160 1388 1243 1430 tibi
1275 1388 1435 1430 militat
1466 1403 1608 1444 arena,

297 1470 343 1501 40
415 1459 474 1501 Et
504 1459 622 1501 fauet
653 1474 705 1501 ex
736 1460 895 1501 umeris
926 1459 1007 1502 hoc
1040 1474 1149 1502 onus
1182 1474 1307 1502 omne
1339 1459 1459 1502 meis.

357 1528 483 1572 Solue
514 1533 631 1573 metu
662 1531 868 1586 patriam,
900 1545 1008 1587 quae
1039 1546 1153 1573 nunc
1182 1533 1225 1572 te
1257 1530 1426 1573 uindice
1456 1530 1569 1573 freta

413 1601 612 1657 Inposuit
643 1616 796 1657 prorae
827 1601 1002 1656 publica
1032 1605 1136 1644 uota
1166 1605 1278 1644 tuae.

357 1672 493 1722 Quam
526 1672 611 1714 nisi
643 1671 862 1727 defendes,
894 1686 1113 1714 murorum
1143 1672 1352 1714 Romulus
1385 1685 1522 1728 augur

416 1743 483 1785 Ire
515 1743 736 1785 Palatinas
768 1758 858 1785 non
889 1743 996 1785 bene
1028 1743 1138 1785 uidit
1169 1758 1280 1786 aues.

298 1826 343 1857 45
356 1814 415 1856 Et
445 1828 575 1869 nunc,
607 1828 676 1868 en,
707 1814 836 1856 remis
870 1814 1030 1856 audent
1060 1828 1214 1869 prope:
1245 1816 1390 1869 turpe,
1420 1813 1598 1857 Latinos

334 1979 423 2014 VAE.
450 1991 547 2013 Lacr.
597 1982 642 2013 23
663 1977 732 2014 Hic
745 1981 775 2012 V
797 1990 841 2014 m.
857 1980 883 2014 2
901 1979 904 2024 ξ
922 1979 1081 2024 angusta
1094 1980 1193 2014 rates
1207 1978 1319 2024 R1125
1335 1977 1452 2013 aciem
1466 1980 1494 2011 F
1507 1981 1539 2012 Π
1552 1978 1666 2014 atiem
1679 1981 1761 2014 DV:

238 2038 338 2075 acies
358 2049 379 2076 ς
402 2039 406 2082 Ι
431 2038 571 2073 Nereus
591 2048 629 2075 ςε
656 2037 779 2073 neruis
806 2041 830 2071 0
853 2039 859 2082 Ι
881 2037 1031 2073 limarat
1055 2043 1096 2082 1),
1110 2040 1140 2070 V
1158 2048 1204 2072 m.
1219 2040 1252 2083 1,
1272 2039 1304 2070 N
1322 2038 1334 2083 ΙΙ
1352 2041 1397 2071 26
1424 2038 1464 2072 et
1481 2040 1525 2072 0:
1551 2049 1587 2082 q;
1612 2040 1643 2071 V
1660 2049 1706 2074 m.
1724 2039 1764 2083 2,

238 2109 304 2133 om.
331 2108 353 2135 ς
375 2099 380 2142 Ι
401 2097 478 2132 icta
504 2097 698 2132 Heinsius:
724 2096 829 2142 picta
854 2099 879 2130 0
901 2097 907 2143 1
928 2095 1117 2132 tremabat
1140 2099 1168 2129 1²
1192 2107 1237 2131 m.
1259 2099 1279 2130 1
1299 2096 1312 2140 ss
1330 2099 1374 2131 27
1400 2095 1545 2140 liquens
1563 2100 1590 2130 r
1612 2098 1618 2142 Ι
1638 2097 1772 2133 iudice

238 2170 282 2193 (¹oe
306 2157 455 2192 uindice
481 2167 572 2192 corr.
598 2159 628 2189 V
664 2157 677 2202 ss
713 2159 757 2191 28
784 2155 869 2192 Non
893 2159 920 2189 F
945 2168 990 2192 m.
1017 2159 1042 2191 2
1077 2157 1082 2200 1
1115 2156 1225 2190 nutos
1250 2159 1294 2200 F,
1320 2166 1411 2191 corr.
1435 2167 1481 2191 m.
1507 2157 1534 2191 2
1561 2155 1566 2202 Ι
1595 2156 1696 2192 unda
1720 2159 1762 2191 0:

238 2228 313 2252 una
338 2226 360 2253 ς
397 2215 465 2250 illa
491 2216 588 2251 Itali
612 2217 699 2251 ante
725 2216 892 2260 Lipsius3
933 2219 971 2250 at
996 2216 1041 2259 cf.
1067 2215 1114 2249 A.
1141 2214 1353 2259 Kraffertus
1380 2214 1516 2250 Philol.
1547 2213 1634 2249 XXI
1658 2217 1727 2250 356
1755 2214 1760 2261 Ι

238 2275 372 2310 nothos
397 2278 424 2308 F
444 2278 475 2308 N
501 2275 513 2319 ΙΙ
538 2278 582 2309 29
608 2273 740 2309 Astitit
761 2277 789 2307 F
808 2277 840 2307 Π
862 2275 867 2318 Ι
889 2284 1014 2319 puppe
1039 2277 1066 2306 F
1085 2274 1098 2318 ΙΙ
1116 2277 1161 2308 30
1188 2272 1364 2308 simulata
1383 2275 1413 2306 V
1432 2274 1537 2318 (corr.
1556 2284 1625 2318 my.
1644 2284 1690 2308 m.
1709 2275 1763 2318 2),

238 2340 266 2369 D
292 2345 360 2380 my.
381 2345 454 2379 pro
478 2345 559 2369 παν.
587 2334 661 2368 lect.
693 2334 706 2378 ΙΙ
737 2337 780 2367 31
817 2332 980 2367 atulerat
1003 2336 1030 2365 F
1060 2333 1073 2377 ΙΙ
1103 2336 1148 2367 32
1183 2331 1276 2378 Aut]
1302 2331 1361 2366 Ad
1385 2331 1431 2366 L.
1459 2331 1661 2366 Muellerus
1681 2333 1687 2377 Ι
1707 2331 1762 2366 111-

237 2394 364 2428 herme
389 2397 417 2426 F
437 2396 469 2427 Π
490 2394 495 2437 l
518 2392 586 2428 lire
611 2397 638 2426 F
674 2394 687 2438 ΙΙ
723 2397 767 2428 33
793 2392 918 2427 malim
944 2391 1028 2426 Stat
1061 2393 1066 2436 1
1100 2390 1208 2436 quasi
1231 2395 1259 2424 F
1285 2403 1329 2426 m.
1355 2394 1375 2426 1
1406 2392 1412 2436 Ι
1439 2390 1649 2437 pelopeium
1675 2400 1762 2436 agn.-

237 2451 451 2498 memnonio
482 2455 509 2485 F
546 2453 558 2497 ΙΙ
595 2456 641 2487 34
678 2451 862 2497 Egissetq3
890 2454 932 2494 0,
959 2462 1049 2486 corr.
1078 2453 1108 2484 V
1132 2462 1177 2485 m.
1203 2454 1229 2487 2
1266 2451 1280 2495 ΙΙ
1316 2453 1359 2485 35
1396 2449 1582 2495 phithona
1603 2452 1631 2483 F
1667 2449 1680 2494 ΙΙ
1716 2453 1762 2484 36

237 2512 325 2546 imb.
353 2517 381 2547 Β
402 2514 431 2544 V
463 2513 468 2555 Ι
501 2511 590 2546 deae
617 2511 732 2546 editor
747 2510 970 2561 *Etonensis2
996 2509 1100 2554 lyrae
1125 2514 1153 2543 1)
1173 2512 1203 2542 V
1226 2509 1349 2553 lir(a)e
1373 2511 1400 2542 1·
1419 2511 1451 2542 R
1476 2519 1589 2553 quom
1612 2509 1762 2543 tacuere

237 2571 339 2616 lyrae
366 2570 409 2604 L.
438 2569 640 2604 Muellerus
669 2570 682 2614 ΙΙ
712 2574 756 2605 37
783 2569 831 2613 ob
857 2569 995 2614 longua
1018 2572 1046 2601 F
1074 2570 1086 2613 ΙΙ
1105 2572 1150 2604 38
1175 2568 1366 2614 Augustae
1391 2572 1419 2602 D
1441 2568 1447 2612 Ι
1468 2567 1622 2603 haector
1645 2566 1699 2602 ait
1722 2569 1763 2611 F,

239 2641 331 2666 corr.
357 2639 424 2673 my.
451 2639 497 2662 m.
523 2628 643 2672 21139
670 2627 763 2662 mihi
788 2630 818 2660 V
843 2638 910 2672 my.
937 2639 982 2662 m.
1008 2631 1033 2663 2
1065 2628 1077 2672 ΙΙ
1107 2630 1153 2662 40
1178 2627 1314 2662 umeris
1338 2631 1383 2662 F:
1414 2625 1577 2662 humeris
1601 2629 1628 2660 F
1651 2637 1697 2661 m.
1723 2628 1762 2669 2,

239 2690 346 2726 ceteri
374 2689 388 2734 ΙΙ
418 2691 462 2722 41
488 2686 611 2721 iudice
635 2690 666 2719 N
703 2688 715 2731 ΙΙ
751 2691 795 2721 42
822 2686 901 2732 Inp.
927 2689 975 2721 R:
1002 2686 1093 2731 Imp.
1121 2689 1146 2719 0
1168 2687 1174 2731 Ι
1195 2686 1346 2731 publica
1369 2685 1447 2722 fata
1471 2685 1668 2720 Liuineius
1684 2685 1698 2730 ΙΙ
1716 2688 1761 2719 43

241 2750 358 2792 Quem
382 2752 410 2782 F
434 2758 480 2781 m.
506 2748 546 2788 1;
574 2744 675 2787 Quae
701 2756 722 2783 ς
758 2747 771 2792 ΙΙ
807 2750 851 2781 45
890 2757 987 2781 nunc
1013 2757 1059 2780 en
1082 2746 1230 2790 scripsi:
1256 2756 1393 2780 numen
1416 2749 1445 2779 D
1463 2747 1494 2792 V
1517 2744 1643 2779 lumen
1666 2747 1695 2778 F
1720 2745 1761 2789 (1)

241 2820 303 2854 my.
328 2818 398 2852 pro
422 2816 504 2841 aar.
530 2805 621 2849 lect.)
647 2805 801 2840 nimium
827 2809 860 2840 et
883 2809 910 2839 F
935 2808 968 2840 et
992 2807 1023 2838 V
1047 2815 1115 2849 my.
1140 2815 1186 2839 m.
1211 2807 1256 2849 2,
1280 2806 1312 2837 Π
1334 2805 1339 2848 Ι
1360 2803 1454 2849 proh
1478 2803 1587 2849 turpe
1613 2813 1635 2841 ς
1661 2804 1667 2848 Ι
1694 2801 1761 2838 La-

238 2868 336 2905 tinos
362 2864 628 2900 Marklandus:
654 2864 782 2900 latinis
809 2867 833 2897 0
