1898 3190
633 139 896 200 PROPERTH
919 163 1010 199 Lm.
1034 163 1100 202 m.
1124 168 1158 200 3.
1184 168 1218 199 4.
1597 165 1683 206 109

273 272 312 315 E
344 287 525 329 quarum
555 287 735 316 numero
764 287 834 315 me
864 272 1054 329 contigit
1077 288 1165 316 una
1195 273 1372 315 dearum

333 342 416 400 (Ut
444 359 542 387 reor
572 359 598 387 a
627 344 756 399 facie,
789 343 1014 400 Calliopea
1044 343 1164 401 fuit):

275 413 530 458 ‘Contentus
559 415 702 458 niueis
733 430 903 471 semper
930 415 1159 458 nectabere
1191 416 1360 472 cygnis,

214 497 262 529 40
334 485 426 529 Nec
455 489 500 528 te
530 487 655 529 fortis
686 486 785 542 equi
816 486 942 529 ducet
971 487 1026 528 ad
1057 502 1178 528 arma
1209 502 1354 530 sonus.

274 556 349 600 Nil
379 558 461 600 tibi
492 558 551 600 sit
579 572 709 600 rauco
739 556 970 613 praeconia
1001 557 1178 599 classica
1208 572 1340 600 cornu

333 627 458 671 Flare
489 643 570 671 nec
602 628 790 671 Aonium
820 628 991 684 cingere
1021 627 1161 670 Marte
1190 643 1362 683 nemus,

233 694 238 701 ²
278 698 366 742 Aut
395 701 551 755 quibus
582 701 630 742 in
664 699 828 755 campis
859 699 1057 742 Mariano
1088 700 1255 755 praelia
1285 700 1410 756 signo

334 769 460 812 Stent
490 774 534 813 et
563 770 824 813 Teutonicas
854 769 996 813 Roma
1025 770 1236 826 refringat
1266 786 1388 826 opes,

215 841 494 885 45Barbarus
525 844 601 884 aut
632 841 774 885 Sueuo
805 841 1004 897 perfusus
1036 843 1245 898 sanguine
1276 843 1453 886 Rhenus

335 912 490 956 Saucia
520 913 727 955 maerenti
758 927 941 967 corpora
971 914 1115 954 nectet
1145 927 1269 968 aqua.

275 983 442 1040 Quippe
474 986 704 1027 coronatos
735 983 922 1026 alienum
952 983 1007 1025 ad
1038 984 1174 1026 limen
1204 987 1399 1027 amantes

332 1054 668 1111 Nocturnaeque
698 1069 826 1097 canes
857 1054 978 1097 ebria
1008 1054 1135 1110 signa
1163 1055 1311 1110 fugae,

273 1125 338 1169 Ut
366 1141 444 1183 per
471 1129 516 1170 te
547 1127 716 1170 clausas
748 1127 857 1168 sciat
887 1127 1115 1168 excantare
1146 1126 1334 1181 puellas,

216 1208 263 1240 50
335 1197 419 1247 Qui
448 1198 565 1241 uolet
595 1200 791 1240 austeros
823 1199 915 1239 arte
945 1196 1073 1239 ferire
1104 1196 1247 1239 uiros?

280 1269 409 1312 Talia
434 1267 647 1324 Calliope,
677 1268 952 1324 lymphisque
983 1283 1010 1310 a
1039 1268 1159 1311 fonte
1190 1269 1339 1323 petitis

334 1339 421 1383 Ora
450 1339 647 1382 Philetea
676 1342 828 1382 nostra
858 1339 1019 1395 rigauit
1050 1354 1173 1395 aqua.

876 1624 958 1671 IV.

277 1730 413 1773 Arma
443 1731 547 1772 deus
579 1729 740 1772 Caesar
770 1729 879 1771 dites
911 1730 1146 1772 meditatur
1176 1730 1230 1772 ad
1259 1730 1391 1773 Indos

331 1800 393 1844 Et
421 1801 535 1843 freta
565 1800 806 1857 gemmiferi
836 1800 998 1842 findere
1029 1801 1163 1843 classe
1195 1802 1339 1844 maris.

274 1870 452 1929 Magna,
482 1873 585 1927 uiri,
616 1887 790 1914 merces.
821 1875 948 1927 parat
978 1872 1130 1914 ultima
1159 1875 1277 1915 terra
1307 1874 1569 1928 triumphos:

335 1943 480 1999 Tigris
512 1946 555 1986 et
584 1943 831 1998 Euphrates
863 1944 942 1985 sub
973 1958 1087 1986 noua.
1117 1943 1212 1986 iura
1241 1944 1393 1999 fluent,

240 2013 400 2057 5Seres
431 2018 475 2057 et
506 2014 712 2057 Ausoniis
742 2015 917 2056 uenient
946 2010 1170 2069 prouincia
1200 2015 1356 2071 uirgis,

250 2177 343 2215 Vn.
367 2191 467 2216 Lac-r.
516 2182 561 2214 37
587 2178 747 2224 contigit
770 2189 830 2214 me
854 2181 885 2212 V
908 2189 954 2214 m.
981 2182 1002 2213 1
1025 2180 1030 2223 Ι
1060 2190 1226 2214 sororum
1252 2189 1274 2217 ς
1346 2182 1391 2214 38
1416 2180 1508 2228 fatie
1533 2184 1566 2214 Π
1594 2182 1607 2226 ΙΙ
1638 2186 1682 2217 39

155 2237 354 2274 nectabere
376 2241 405 2272 P
428 2250 473 2273 m.
499 2241 520 2273 1
542 2239 549 2283 Ι
571 2237 700 2283 cygnis
724 2242 754 2271 1)
771 2240 819 2272 V:
845 2236 965 2283 cignis
988 2241 1017 2271 B
1035 2241 1067 2272 Π
1084 2239 1098 2283 fl
1115 2242 1160 2273 41
1186 2238 1266 2274 Nee
1284 2238 1485 2274 Frater-ius
1510 2240 1567 2275 Ne
1588 2241 1683 2276 Pas-

156 2297 313 2332 seratius
350 2298 357 2341 Ι
393 2296 594 2342 praeconia
623 2299 671 2332 K:
706 2296 957 2341 pr(a)econica
988 2300 1014 2330 0
1051 2297 1238 2342 praetoria
1272 2297 1495 2342 Beroaldu83
1530 2300 1684 2342 fortasse

157 2355 352 2401 praeconis
393 2357 407 2401 Ι
448 2360 493 2390 42
530 2356 639 2391 Flare
672 2356 887 2391 Frutevius:
918 2356 1025 2391 Flere
1052 2360 1077 2390 0
1123 2358 1129 2401 Ι
1175 2356 1323 2403 cingere
1354 2360 1400 2392 V:
1433 2357 1577 2403 tingere
1608 2364 1636 2393 1)
1655 2363 1682 2392 F

119 2455 124 2458 .
156 2414 327 2460 tinguere
351 2415 413 2460 nn
432 2418 478 2449 44
501 2414 664 2460 testigat
685 2418 731 2457 Ε,
756 2425 847 2451 corr.
873 2426 940 2460 my.
966 2427 1012 2452 m.
1037 2417 1157 2460 21145
1185 2416 1308 2452 Sueuo
1334 2417 1446 2452 Itali:
1473 2428 1585 2452 saeuo
1603 2422 1632 2451 D
1652 2421 1682 2451 V

157 2483 247 2509 seno
270 2477 299 2508 r
316 2477 349 2508 Π
370 2475 376 2518 Ι
397 2473 533 2509 rhenus
557 2476 588 2506 V
611 2485 657 2509 m.
686 2477 726 2508 2:
750 2474 911 2509 rhoenns
934 2479 964 2508 1)
982 2477 1013 2508 V
1037 2485 1147 2509 renus
1171 2480 1199 2510 F
1217 2478 1250 2509 x
1279 2477 1293 2520 ΙΙ
1321 2480 1366 2511 46
1392 2475 1524 2511 Sautia
1547 2480 1575 2510 1²
1598 2478 1612 2522 ΙΙ
1637 2481 1681 2512 47

157 2534 354 2568 coronatas
378 2536 407 2566 l?
432 2545 476 2569 m.
502 2537 523 2567 1
542 2534 556 2578 Ι
574 2535 619 2567 48
645 2532 750 2579 signe
774 2536 802 2566 P
827 2545 871 2570 m.
896 2537 918 2568 1
945 2535 959 2579 Ι
982 2538 1027 2568 49
1054 2534 1213 2580 clausas]
1240 2539 1303 2569 cas
1327 2538 1358 2568 V
1381 2546 1450 2580 my.
1475 2547 1521 2570 m.
1547 2538 1573 2571 2
1594 2537 1601 2580 1
1622 2547 1682 2571 ex-

156 2591 305 2626 tam-are
329 2595 357 2625 r
379 2603 425 2627 m.
451 2593 567 2637 11151
594 2590 740 2638 petistis
763 2593 889 2637 1152
914 2592 1073 2638 philitea
1098 2595 1240 2638 Olfira
1263 2597 1291 2627 1¹⁸
1315 2605 1360 2629 m.
1387 2597 1408 2628 1

251 2662 314 2699 IV.
363 2663 477 2698 Noua
500 2663 613 2708 eleqia
643 2663 684 2697 in
709 2665 735 2696 0
772 2663 832 2708 (de
868 2663 1059 2709 triumpho
1098 2663 1265 2700 Caesaris
1293 2669 1322 2698 1)
1340 2667 1371 2697 V
1408 2664 1454 2699 de
1490 2665 1681 2710 triumpho

158 2724 331 2765 quartum
356 2722 559 2768 capitulum
586 2723 628 2767 F)
658 2722 671 2766 Η
701 2725 723 2756 2
748 2722 873 2767 gemis.
898 2727 928 2756 1)
957 2723 971 2767 ΙΙ
1000 2727 1021 2758 3
1047 2723 1136 2769 uiri]
1163 2723 1246 2758 uiae
1272 2723 1451 2758 Heinsius
1467 2725 1481 2767 fl
1498 2728 1521 2758 4
1547 2723 1681 2768 Tygris

158 2782 191 2813 Ι
210 2780 218 2824 Ι
238 2779 399 2815 cufi-ates
425 2783 451 2814 0
471 2781 478 2823 Ι
499 2791 598 2815 noua
621 2780 770 2824 scripsi:
794 2781 862 2815 tua
887 2783 913 2814 0
939 2793 1006 2816 sua
1028 2781 1286 2816 Broulthusius
1308 2783 1322 2827 fl
1347 2786 1368 2817 5
1395 2781 1501 2816 Seres
1528 2784 1566 2816 et
1592 2783 1681 2817 Ian.

159 2837 395 2875 Gulielmius:
433 2839 523 2875 Sera
554 2852 582 2882 ες
617 2841 687 2884 (=
713 2841 783 2883 set)
812 2842 891 2873 Pl(
922 2840 1013 2875 Sera
1042 2841 1107 2881 sed
1137 2845 1166 2874 Ι)
1185 2843 1215 2874 V
1254 2842 1259 2885 1
1299 2840 1452 2875 uenient
1484 2841 1677 2876 Heinsius:

159 2897 287 2933 ueniet
311 2901 336 2932 0
358 2899 365 2943 Ι
385 2898 574 2944 prouintia
596 2902 625 2932 D
646 2901 676 2931 V
697 2899 704 2942 Ι
723 2897 833 2943 nugis
856 2902 884 2932 12
