1898 3190
660 176 921 214 PROPERTII
944 175 1035 212 LIB.
1061 175 1124 211 III.
1150 179 1183 210 6.
1598 169 1683 212 113

881 392 962 441 VI.

276 513 358 555 Dic
387 512 494 554 mihi
525 512 576 554 de
609 514 778 565 nostra,
809 524 917 566 quae
949 509 1101 564 sentis7
1131 523 1236 551 uera
1266 508 1433 563 puellaq

340 582 411 626 Sic
440 583 522 624 tibi
554 583 642 625 sint
672 581 889 636 dominae,
919 579 1156 635 Lygdame‚
1188 579 1366 634 dempta
1395 579 1512 634 iuga.

279 653 396 697 Num
427 668 496 696 me
526 654 694 696 laetitia
722 651 1008 695 tumefactum
1039 650 1158 692 fallis
1189 650 1328 705 inani,

337 725 458 768 Haec
487 725 694 780 referens,
726 738 835 779 quae
865 738 933 765 me
966 722 1136 765 credere
1167 722 1279 764 uelle
1310 722 1471 777 putas?

245 796 433 840 50mnis
466 796 581 839 enim
614 796 742 839 debet
773 795 866 837 sine
895 809 1009 836 uano
1040 793 1220 836 nuntius
1253 807 1364 847 esse,

339 867 633 923 Maioremque
663 867 821 908 timens
854 880 1002 908 seruus
1032 864 1193 906 habere
1224 863 1364 906 fidem.

281 939 409 983 Nunc
438 938 564 994 mihi,
596 938 633 980 si
665 953 750 993 qua
779 941 920 989 tenes,
952 935 1007 978 ab
1040 936 1206 991 origine
1239 934 1378 977 dicere
1410 934 1550 989 prima

339 1009 503 1065 Incipe:
536 1009 754 1065 suspensis
787 1008 963 1050 auribus
994 1008 1081 1050 ista
1112 1007 1270 1049 bibam.

285 1081 402 1125 Sicin
432 1095 526 1123 eam
556 1080 786 1135 incomptis
817 1079 964 1121 uidisti
996 1078 1097 1120 fiere
1129 1076 1329 1133 capillis?

226 1164 270 1196 10
340 1152 466 1195 Illius
498 1167 549 1194 ex
580 1152 715 1194 oculis
746 1151 884 1192 multa
915 1149 1099 1192 cadebat
1131 1148 1271 1204 aqua?

226 1223 375 1267 11Nec
405 1223 623 1278 speculum
656 1226 791 1265 strato
823 1222 989 1276 uidisti,
1020 1220 1260 1276 Lygdame,
1291 1220 1432 1262 lecto?

227 1290 271 1338 14
343 1294 594 1350 Scriniaque
626 1293 680 1336 ad
709 1294 811 1335 lecti
842 1293 991 1335 clausa
1022 1292 1162 1334 iacere
1191 1290 1350 1346 pedes‘?

226 1379 269 1410 13
283 1368 349 1410 Ac
378 1368 590 1408 maestam
614 1364 775 1408 teneris
806 1367 973 1406 uestem
1004 1363 1191 1419 pendere
1221 1361 1425 1404 lacertis?

226 1449 269 1480 12
342 1437 536 1480 Ornabat
565 1437 717 1479 niueas
747 1436 924 1478 nullane
956 1450 1128 1491 gemma
1157 1433 1340 1476 manus?

226 1520 270 1551 15
283 1508 438 1551 Tristis
469 1512 563 1551 erat
593 1509 763 1563 domus,
793 1510 837 1550 et
866 1508 1014 1549 tristes
1047 1521 1125 1548 sua
1155 1520 1290 1561 pensa
1321 1505 1546 1547 ministrae

344 1579 609 1636 Carpebant,
639 1579 780 1621 medio
810 1579 945 1621 nebat
976 1580 1019 1620 et
1048 1578 1143 1633 ipsa
1173 1577 1289 1632 loco,

284 1651 555 1706 Humidaque
589 1651 786 1706 inpressa
818 1650 1006 1692 siccabat
1035 1650 1200 1692 lumina
1230 1649 1351 1703 lana,

343 1722 531 1765 Rettulit
560 1724 604 1764 et
634 1722 811 1778 querulo
842 1721 983 1777 iurgia
1013 1723 1164 1763 nostra
1196 1719 1332 1762 sono?

285 1793 419 1836 ‘Haec
450 1797 493 1836 te
523 1796 635 1835 teste
667 1793 774 1834 mihi
804 1793 1018 1848 promissa
1050 1795 1135 1847 est,
1166 1791 1405 1847 Lygdame,
1436 1792 1628 1835 merces?

225 1875 271 1906 20
342 1864 425 1906 Est
454 1879 619 1919 poenae
651 1878 778 1906 seruo
810 1878 1009 1919 rumpere
1038 1866 1150 1906 teste
1175 1860 1321 1906 fidem.

283 1934 363 1977 Ille
394 1938 540 1990 potest
569 1935 690 1978 nullo
722 1934 923 1977 miseram
954 1950 1022 1977 me
1053 1934 1247 1990 linquere
1277 1933 1425 1976 facto?

263 2145 354 2181 Vn.
379 2159 479 2181 nnc-r.
545 2146 607 2182 VI.
657 2146 771 2181 Noua
801 2145 914 2190 elegia
944 2156 1025 2180 eum
1054 2145 1165 2180 titulo
1189 2145 1238 2180 ad
1261 2144 1469 2190 ligdamum
1494 2147 1537 2182 in
1562 2150 1586 2181 0
1623 2148 1637 2193 ss
1675 2154 1691 2183 1

168 2205 360 2250 quaerenti
385 2215 475 2240 uera
498 2205 711 2249 Hoeufftius
734 2208 767 2240 et
799 2205 1096 2250 Wassenberyius
1132 2206 1146 2250 Ε
1182 2209 1204 2240 2
1230 2204 1291 2240 Sic
1314 2208 1342 2238 P
1361 2208 1408 2241 R:
1436 2205 1475 2240 Si
1498 2210 1527 2240 1)
1546 2209 1577 2240 V
1598 2207 1604 2251 Ι
1625 2207 1695 2252 lig-

168 2263 278 2299 1181113
301 2264 434 2308 ubique
459 2266 484 2297 0
508 2263 657 2309 lydame
681 2264 759 2307 hie,
784 2263 983 2309 lygadame
1007 2265 1132 2299 ceteris
1157 2265 1244 2300 locis
1268 2268 1300 2298 Π
1324 2267 1383 2309 (19
1402 2265 1533 2311 ligad.)
1554 2267 1561 2311 Ι
1582 2266 1697 2312 depta

167 2325 201 2357 1
235 2323 248 2368 Ι
283 2326 304 2357 3
330 2322 431 2357 Num
456 2332 495 2359 ςε
521 2322 619 2357 Dum
644 2326 669 2356 0
695 2323 780 2358 Non
804 2326 836 2356 Π
866 2324 879 2368 ΙΙ
910 2327 931 2358 5
959 2322 1039 2358 sine
1063 2335 1161 2360 uano
1185 2324 1339 2359 nuntius
1366 2324 1552 2370 (nuncius,
1577 2326 1696 2371 ficius)

169 2391 251 2417 3333
274 2385 322 2426 D,
340 2384 368 2415 r
393 2392 438 2416 m.
464 2385 507 2425 2,
539 2384 570 2415 V
594 2392 662 2427 my.
687 2393 734 2417 m.
759 2385 802 2427 2,
833 2385 881 2417 K:
920 2382 1000 2418 sine
1036 2393 1155 2418 uanus
1192 2394 1270 2419 esse
1300 2387 1329 2417 F
1366 2383 1445 2419 sine
1476 2384 1584 2419 uanis
1614 2395 1696 2420 3333

167 2439 309 2475 relator
332 2442 363 2473 V
388 2441 436 2483 (et
458 2444 487 2473 1)
512 2451 581 2485 my.
602 2451 675 2485 pro
699 2452 781 2477 aar.
807 2441 898 2487 lect.)
915 2443 928 2487 fl
946 2446 967 2477 6
992 2442 1127 2477 timens
1153 2445 1193 2478 0:
1229 2444 1332 2478 metu
1358 2443 1455 2478 Itali
1474 2444 1479 2488 Ι
1502 2454 1603 2479 serus
1628 2447 1661 2477 n
1684 2445 1696 2490 {ff

171 2502 191 2535 ¹1
215 2497 302 2535 Non
326 2502 358 2533 x
393 2500 406 2544 ΙΙ
442 2503 463 2534 9
501 2499 602 2535 Sicin
634 2511 717 2535 eam
741 2511 804 2545 eqo
830 2500 988 2545 (Siccine
1014 2512 1097 2537 eam
1121 2502 1264 2547 uulyo):
1299 2501 1404 2536 Sicut
1428 2513 1510 2537 eam
1536 2506 1561 2536 0
1588 2502 1628 2538 Si
1653 2503 1697 2538 ca

170 2557 231 2602 (-·=
250 2559 374 2602 causa)
399 2561 431 2591 Π
467 2560 480 2603 ΙΙ
518 2562 560 2593 11
586 2558 665 2593 Nec
689 2562 717 2592 F
735 2562 782 2594 11:
808 2559 910 2595 Haec
934 2565 964 2595 1)
982 2563 1013 2594 V
1034 2562 1040 2604 Ι
1060 2561 1098 2596 in
1125 2562 1243 2596 strato
1269 2561 1448 2596 Heinsius
1477 2563 1490 2607 ΙΙ
1526 2573 1607 2606 uu,
1632 2563 1698 2607 qui

168 2619 256 2652 sumt
277 2617 322 2652 in
346 2620 371 2651 0
399 2621 442 2652 12
468 2620 500 2652 et
527 2621 587 2660 14,
620 2618 736 2653 locum
760 2618 856 2654 inter
878 2630 915 2654 se
937 2623 1079 2655 mutare
1102 2621 1212 2655 iussit
1236 2619 1280 2655 G.
1310 2620 1351 2655 T.
1378 2619 1567 2666 Surinyar
1601 2622 1614 2665 ΙΙ
1653 2625 1695 2656 12

169 2675 273 2710 nulla
295 2687 343 2711 ne
361 2680 390 2710 1>
409 2679 457 2712 R:
482 2676 586 2711 nulla
609 2687 655 2711 113
674 2679 715 2720 V,
734 2679 763 2710 r
786 2688 832 2713 m.
851 2680 878 2713 2
903 2678 1038 2721 (nullas
1063 2679 1192 2714 niueas
1216 2689 1263 2714 ue
1287 2690 1332 2714 m.
1353 2679 1390 2724 1)
1408 2679 1421 2724 11
1442 2684 1484 2714 13
1504 2678 1559 2715 Ac
1579 2683 1621 2714 02
1647 2680 1698 2714 At

171 2743 195 2772 ς
217 2735 278 2770 An
300 2735 431 2770 Dousa
454 2736 504 2779 fil.
528 2737 533 2779 Ι
555 2737 751 2780 maestam]
776 2738 932 2772 mestem
957 2741 986 2771 F
1009 2749 1056 2772 m.
1082 2741 1103 2773 1
1130 2740 1272 2774 uestam
1297 2740 1360 2784 1111
1380 2743 1421 2773 17
1448 2739 1555 2784 impr.
1581 2743 1610 2773 1)
1629 2742 1660 2772 V
1688 2739 1693 2785 Ι

170 2792 280 2829 laena
302 2795 362 2829 uel
385 2794 489 2840 palla
513 2794 694 2829 Heinsius
711 2795 724 2839 11
744 2798 787 2830 18
813 2795 958 2832 Retulit
980 2799 1012 2830 Π
1032 2799 1038 2842 1
1060 2796 1239 2842 quaerulo
1263 2802 1292 2832 D
1318 2799 1331 2843 [Ι
1362 2802 1403 2832 19
1429 2808 1523 2842 pene
1547 2801 1575 2831 F
1600 2808 1695 2845 pem}¹

170 2854 221 2896 13
244 2852 324 2888 Nec
347 2863 470 2898 poena
488 2855 546 2889 est
562 2854 785 2890 Fonteim'us
800 2855 815 2900 fl
833 2858 877 2890 21
903 2855 982 2891 fato
1002 2866 1024 2893 ς
1042 2857 1152 2901 pacto
1172 2866 1195 2894 ς
1214 2856 1393 2892 Heinsius
1419 2856 1495 2900 (sed
1518 2859 1568 2891 est
1592 2856 1696 2891 nullo

172 2909 274 2947 facto
294 2928 339 2941 =
356 2912 461 2948 nullo
486 2924 568 2949 meo
594 2913 750 2949 delicto:
775 2914 822 2957 cf.
847 2913 993 2950 Lachm.
1020 2916 1070 2950 ad
1093 2915 1205 2951 Lucr.
1226 2927 1267 2960 p.
1295 2918 1353 2960 64)

242 2977 455 3005 Paolum-ms.
1391 2978 1411 3008 8
