1898 3190
733 0 755 37 Nu

193 151 278 194 196
678 149 940 188 PROPERTII
964 150 1054 189 LIB.
1080 151 1142 190 IV.
1170 155 1225 190 11.

367 260 458 303 Nec
489 275 586 302 mea
617 259 667 301 de
701 261 837 302 sterili
868 261 984 303 facta
1014 262 1167 316 rapina
1189 262 1338 304 domo.

308 331 391 382 Tu,
422 331 600 386 Lepide,
632 332 675 372 et
706 333 772 385 tu,
803 331 952 386 Paule,
983 347 1126 378 meum
1156 335 1257 387 post
1286 333 1378 376 fata
1407 334 1620 390 leuamen,

250 413 295 445 64
371 401 555 445 Condita
587 404 689 444 sunt
718 405 864 444 uestro
897 403 1061 445 lumina
1091 406 1242 446 nostra
1273 405 1380 447 sinu.

249 484 293 515 67
308 472 436 528 Filia,
467 475 514 514 tu
548 472 765 526 specimen
798 488 1003 516 censurae
1034 477 1139 516 nata
1169 477 1392 530 paternae,

249 554 292 585 68
366 542 452 585 Fac
482 546 630 586 teneas
661 559 794 586 unum
825 559 905 586 nos
937 545 1107 587 imitata
1138 545 1296 587 uirum:

251 626 292 656 71
308 614 429 656 Haec
461 617 527 656 est
556 614 729 656 feminei
760 629 922 657 merces
955 618 1150 658 extrema
1177 617 1405 671 triumphi,

250 696 293 728 72
367 684 534 727 Laudat
564 685 638 727 ubi
671 686 895 731 emeritum
927 687 1063 728 libera
1093 687 1211 728 fama
1241 690 1397 730 torum.

249 767 292 798 69
307 756 366 797 Et.
397 756 505 798 serie
537 756 686 799 fulcite
720 771 872 812 genus:
906 757 1012 799 mihi
1044 759 1197 812 cymba
1228 758 1392 800 uolenti

250 838 293 869 70
369 825 570 878 Soluiturv
594 829 783 870 aucturis
815 831 883 870 tot
912 843 1008 871 mea
1037 828 1129 870 fata
1161 829 1280 871 meis.

250 909 292 940 73
307 897 434 940 Nunc
464 898 546 940 tibi
578 897 831 942 commendo
865 901 1110 943 communia
1141 901 1326 956 pignora
1356 904 1507 943 natos:

366 968 486 1012 Haec
517 985 619 1012 cura
650 973 694 1012 et
724 971 859 1013 cineri
891 971 1027 1027 spirat
1058 972 1201 1014 inusta
1232 986 1340 1015 meo.

250 1051 293 1082 75
310 1040 505 1096 Fungere
537 1041 743 1084 maternis
776 1042 960 1097 uicibus,
990 1045 1131 1097 pater:
1163 1043 1240 1085 illa
1271 1057 1463 1085 meorum

368 1111 518 1153 Omnis
551 1112 634 1153 erit
664 1112 774 1155 collo
807 1114 936 1155 turba
966 1113 1151 1156 fouenda
1182 1116 1270 1156 tuo.

315 1181 470 1224 Oscula
501 1197 597 1224 cum
629 1183 795 1225 dederis
826 1186 903 1225 tua
933 1183 1154 1238 flentibus,
1186 1184 1304 1226 adice
1335 1185 1506 1227 matris:

369 1253 481 1295 Tota
505 1253 665 1295 *domus
697 1254 839 1309 coepit
869 1269 982 1296 nunc
1014 1269 1121 1296 onus
1153 1269 1246 1296 6886
1277 1257 1421 1297 tuum:

306 1324 366 1366 Et
398 1326 434 1367 si
466 1324 568 1379 quid
600 1325 813 1367 doliturus
846 1325 947 1380 eris,
981 1325 1071 1367 sine
1102 1325 1286 1367 testibus
1317 1320 1423 1368 illis:

247 1406 293 1438 80
368 1395 474 1438 Cum
506 1396 697 1451 uenient,
731 1396 852 1438 siccis
885 1397 1032 1439 oscula
1062 1397 1163 1438 falle
1195 1397 1328 1452 genis.

309 1465 386 1509 Sat
416 1467 497 1509 tibi
530 1467 618 1509 sint
646 1469 815 1523 noctes,
846 1483 951 1524 quas
984 1468 1035 1509 de
1067 1482 1152 1519 me,
1184 1467 1334 1522 Paule,
1365 1469 1540 1525 fatiges,

369 1537 630 1593 Somniaque
662 1538 708 1581 in
738 1538 890 1580 faciem
922 1539 1089 1581 reddita
1121 1553 1247 1593 saepe
1280 1553 1439 1580 meam:

309 1610 452 1664 Atque
483 1610 558 1651 ubi
590 1611 755 1651 secreto
788 1612 939 1652 nostra
972 1610 1026 1651 ad
1058 1610 1285 1652 simulacra
1317 1610 1522 1665 loqueris,

369 1679 429 1722 Ut
459 1695 744 1736 responsurae
777 1681 948 1736 singula
979 1681 1111 1723 uerba
1141 1681 1244 1723 iace.

250 1762 294 1793 85
310 1750 391 1794 Seu
423 1755 570 1794 tamen
603 1753 830 1794 aduersum
863 1752 1043 1794 mutarit
1073 1753 1203 1794 ianua
1233 1753 1410 1807 lectum,

369 1822 535 1866 Sederit
566 1826 608 1865 et
638 1826 787 1865 nostro
820 1826 946 1866 cauta
976 1837 1162 1865 nouerca
1192 1825 1313 1878 toro,

310 1893 587 1950 Coniugium,
617 1894 754 1949 pueri,
785 1894 957 1936 laudate
988 1897 1032 1936 et
1063 1894 1169 1936 ferte
1201 1898 1445 1950 paternum:

291 2059 381 2095 VAE.
406 2072 507 2095 nnc'r.
558 2063 602 2094 62
629 2058 708 2094 fata
732 2062 759 2092 F
789 2060 801 2103 ΙΙ
838 2063 882 2093 63
910 2059 966 2093 Tu
986 2078 1029 2084 ——
1050 2059 1092 2093 tu
1117 2068 1154 2096 ςε
1182 2058 1234 2093 Τ6
1256 2078 1299 2082 -
1319 2058 1357 2092 te
1383 2059 1424 2100 0;
1451 2069 1539 2093 num
1564 2062 1648 2095 ante
1672 2064 1717 2095 63

192 2118 373 2153 distichon
397 2118 616 2154 intercidit?
640 2120 645 2163 Ι
667 2117 793 2162 lapide
813 2121 840 2150 F
865 2129 909 2152 m.
937 2120 956 2151 1
977 2118 989 2162 ΙΙ
1009 2120 1054 2152 64
1079 2117 1202 2152 uestro
1228 2127 1295 2151 om.
1321 2119 1365 2160 F,
1392 2116 1476 2153 add.
1502 2128 1571 2163 my.
1596 2129 1640 2154 m.
1660 2119 1717 2167 211

192 2181 236 2212 67
265 2177 453 2222 specimen
478 2181 508 2211 V
534 2178 576 2222 (D
601 2188 669 2222 my.
693 2187 762 2221 pro
787 2187 868 2212 παν.
896 2177 1004 2220 leem:
1031 2174 1190 2221 speciem
1218 2180 1246 2209 1)
1265 2179 1292 2209 F
1329 2177 1342 2220 11
1379 2178 1423 2211 68
1447 2188 1561 2212 unum
1587 2188 1654 2213 om.
1678 2181 1717 2222 F,

191 2247 306 2282 supra
331 2237 396 2273 lin.
423 2237 508 2272 add.
534 2248 579 2272 m.
605 2238 631 2271 2
674 2237 686 2280 ΙΙ
724 2239 779 2279 71,
807 2239 849 2271 72
876 2238 960 2270 arcte
986 2238 1029 2269 69
1050 2235 1162 2279 posui
1203 2235 1216 2279 ΙΙ
1260 2238 1302 2269 72
1328 2237 1452 2269 torum
1477 2235 1716 2272 Schraderus:

190 2307 323 2341 rogum
349 2296 406 2341 011
433 2299 476 2331 69
502 2294 635 2330 fulcita
659 2299 686 2328 F
711 2295 845 2340 fulgite
869 2298 899 2328 V
923 2305 991 2339 my.
1018 2305 1062 2328 m.
1089 2298 1133 2335 23
1158 2294 1311 2336 fortasse
1336 2293 1402 2328 Est
1425 2293 1518 2329 serie
1543 2294 1598 2330 sic
1621 2294 1717 2330 fulta

192 2355 323 2390 domus
346 2357 351 2398 Ι
374 2354 497 2390 cimba
515 2357 542 2387 F
561 2355 573 2399 ΙΙ
593 2358 637 2389 70
663 2353 825 2389 aucturis
845 2363 882 2390 ςε
911 2352 1074 2388 uncturis
1093 2357 1121 2386 D
1140 2357 1170 2387 V
1191 2352 1359 2397 nupturis
1377 2356 1432 2396 13¹;v
1449 2353 1534 2388 latet
1552 2353 1714 2400 aliquid}

191 2413 284 2449 meis
321 2414 393 2458 (uel
418 2412 540 2456 bonis)
581 2412 803 2448 Palmerius:
843 2411 953 2447 malis
979 2415 1003 2445 0
1043 2413 1138 2448 auct.
1173 2423 1247 2447 non
1269 2423 1317 2447 m.
1342 2411 1367 2448 f.
1399 2411 1508 2446 malis
1534 2411 1718 2447 Graem'us

193 2472 315 2508 Soluit
344 2471 500 2508 lucturis
526 2473 552 2506 t.
580 2483 627 2507 m.
655 2471 678 2506 f.
704 2471 796 2507 meis
822 2472 936 2507 editor
961 2471 1158 2506 Etonensis
1185 2471 1308 2506 Soluit
1331 2470 1485 2506 uicturis
1509 2471 1595 2515 post
1618 2482 1665 2506 m.
1691 2470 1715 2506 f.

192 2532 284 2566 meis
310 2531 579 2567 Slothouwerus
598 2532 609 2576 ΙΙ
630 2534 672 2566 73
702 2531 874 2565 comunia
897 2534 924 2564 F
943 2531 955 2575 ΙΙ
975 2533 1018 2565 75
1045 2530 1215 2565 matrinis
1239 2533 1288 2574 V,
1315 2540 1405 2565 corr.
1431 2540 1499 2574 my.
1525 2540 1570 2564 m.
1596 2532 1622 2564 2
1640 2530 1654 2575 ΙΙ
1673 2534 1716 2566 76

191 2590 353 2626 fouenda
378 2591 423 2626 L.
453 2591 671 2626 Muellerus:
699 2590 848 2625 ferenda
874 2592 898 2623 0
937 2589 948 2633 ΙΙ
988 2593 1030 2624 77
1057 2589 1187 2624 matris
1213 2599 1250 2627 ς;
1277 2590 1397 2624 mater
1422 2591 1446 2622 0
1473 2588 1630 2623 matrem
1655 2598 1676 2625 ς
1705 2588 1716 2634 jl

194 2654 237 2686 79
265 2650 355 2695 quid
380 2654 410 2684 V
434 2661 480 2684 m.
506 2654 550 2686 2:
577 2649 659 2694 quis
685 2651 709 2682 0
739 2651 743 2692 Ι
773 2648 843 2683 eris
870 2659 909 2686 ςε
936 2648 1007 2683 erit
1032 2651 1056 2682 0
1093 2647 1114 2693 [Γ
1142 2652 1187 2684 80
1212 2648 1284 2692 fige
1310 2658 1331 2685 ς
1349 2649 1362 2693 ΙΙ
1391 2651 1434 2683 81
1461 2646 1536 2682 sint
1559 2649 1606 2682 N:
1632 2648 1718 2681 sunt

193 2712 217 2743 0
241 2710 245 2751 Ι
274 2709 410 2754 fatigas
435 2714 463 2743 D
482 2712 513 2743 V
543 2709 556 2753 ΙΙ
587 2711 630 2744 82
657 2707 804 2743 reddita
830 2707 1029 2742 Graeuius:
1057 2707 1198 2742 credita
1223 2710 1248 2741 0
1267 2709 1279 2752 ΙΙ
1304 2711 1349 2743 84
1374 2706 1454 2741 1666
1479 2715 1518 2743 ςε
1544 2706 1628 2740 tace
1654 2708 1679 2739 0
1705 2706 1716 2751 Η

193 2771 239 2803 85
264 2768 388 2803 malim
427 2767 466 2803 Si
491 2768 564 2813 (uel
591 2767 670 2810 Sin)
707 2767 833 2801 tamen
875 2767 887 2811 ΙΙ
930 2770 974 2801 86
1018 2767 1127 2800 torua
1157 2766 1335 2801 Heinsius
1371 2765 1484 2799 ducta
1520 2765 1618 2799 alius
1653 2765 1716 2799 uir

196 2827 322 2862 doctus
351 2826 354 2873 Ι
383 2826 491 2862 thoro
516 2829 543 2860 F
563 2829 595 2859 N
637 2827 649 2870 u
691 2828 734 2860 87
773 2825 916 2869 placati
940 2825 1034 2860 ferte
1059 2825 1103 2860 L.
1131 2824 1346 2868 Muellerum
1384 2827 1417 2859 et
1446 2826 1537 2858 certe
1566 2823 1716 2858 laudate

192 2889 394 2930 suspectum

1891 3111 1898 3118 ⁴.
1884 3036 1898 3106 Lm
