1898 3190
30 5 44 13 ,Δ
64 0 119 12 „a
147 9 154 12 ,

667 163 929 201 ΡΒΟΡΕΒΤΠ
952 163 1043 200 LIB.
1066 161 1131 198 IV.
1154 165 1190 198 8.
1215 166 1248 198 9.
1635 157 1719 199 187

372 274 540 330 Terque
569 288 712 315 meum
741 273 891 328 tetigit
919 271 1137 327 sulphuris
1169 270 1271 326 igne
1301 270 1443 323 caput.

314 345 458 400 Atque
490 346 553 387 ita
582 346 752 387 mutato
782 358 860 399 per
890 343 1064 398 singula
1093 341 1229 396 pallia
1259 341 1371 383 lecto

373 416 449 459 Lis
479 416 640 472 posita,
670 418 715 457 et
745 415 837 458 solo
868 414 1085 456 mouimus
1118 427 1240 454 arma
1267 414 1378 454 toro.

919 693 1002 741 IX.

318 799 731 855 Amphitryoniades
761 813 847 854 qua
875 800 1135 853 tempestate
1165 798 1371 840 iuuencos

377 871 544 927 Egerat
574 885 600 912 a
630 870 833 925 stabulis,
864 884 890 912 o
919 869 1123 925 Erythia,
1152 869 1259 923 tuis,

319 941 453 984 Venit
483 941 538 983 ad
566 941 753 983 incultos
784 955 993 995 pecorosa
1024 939 1196 982 Palatia
1225 942 1395 982 montes

377 1012 439 1055 Et
468 1012 622 1054 statuit
650 1012 809 1066 fessos,
838 1011 979 1053 fessus
1012 1014 1055 1052 et
1084 1011 1198 1066 ipse,
1227 1011 1384 1061 boues,

284 1083 416 1134 5Qua
446 1082 637 1125 Velabra
667 1097 745 1125 suo
776 1081 1047 1138 stagnabant
1069 1081 1244 1124 flumine
1275 1095 1443 1137 quaque

378 1153 526 1196 Nauta
554 1168 631 1208 per
661 1154 850 1195 urbanas
879 1153 1129 1195 uelificabat
1159 1168 1306 1208 aquas

321 1225 405 1268 Sed
435 1239 524 1267 non
554 1225 685 1267 infido
717 1227 967 1267 manserunt
996 1225 1168 1280 hospite
1200 1223 1312 1267 Caco

379 1295 632 1338 Incolumis:
661 1295 780 1337 furto
810 1295 970 1351 polluit
998 1296 1072 1337 ille
1101 1295 1261 1337 Iouem.

322 1367 469 1409 Incola
500 1365 640 1409 Cacus
672 1368 784 1420 erat,
815 1366 1045 1408 metuendo
1076 1369 1227 1422 raptor
1258 1367 1313 1408 ab
1344 1368 1488 1420 antro,

265 1449 309 1481 10
380 1438 463 1480 Per
491 1437 578 1479 tria
606 1437 790 1492 partitos
822 1437 895 1492 qui
926 1437 1059 1479 dabat
1089 1453 1166 1480 ora
1197 1452 1338 1480 sonos.

321 1508 422 1560 Hic,
451 1523 506 1550 ne
537 1511 655 1550 certa
684 1508 827 1550 forent
858 1508 1114 1550 manifestae
1146 1509 1271 1564 signa
1301 1508 1499 1563 rapinae,

383 1579 571 1621 Anersos
602 1579 738 1621 cauda
766 1578 900 1620 traxit
930 1579 976 1620 in
1006 1581 1133 1621 antra
1162 1579 1314 1634 boues3

322 1650 415 1692 Nec
447 1651 540 1692 sine
570 1652 682 1691 teste
713 1649 811 1691 deo:
841 1649 981 1693 furem
1011 1664 1190 1692 sonuere
1219 1651 1405 1704 iuuenci,

381 1722 506 1764 Furis
537 1724 582 1763 et
612 1722 851 1776 inplacidas
883 1722 1015 1763 diruit
1044 1721 1110 1763 ira
1139 1722 1269 1763 fores.

301 1887 394 1922 Vm
418 1898 518 1921 nnc-r.
568 1890 614 1921 86
651 1885 857 1931 sulphuris,
880 1886 935 1921 ita
960 1886 1062 1921 codd.
1104 1887 1117 1931 Ι
1158 1890 1203 1921 87
1227 1885 1298 1932 ita]
1314 1880 1375 1929 ‘i'q;
1399 1889 1445 1930 F,
1470 1896 1562 1921 corr.
1587 1897 1632 1920 m.
1658 1890 1685 1922 2
1724 1886 1730 1933 Ι

206 1945 386 1980 mundato
410 1944 589 1979 Heinsius
612 1945 690 1990 188
714 1943 777 1979 Lis
802 1944 925 1990 posita
947 1946 1097 1990 scripsi:
1122 1945 1312 1991 Respondi
1331 1948 1357 1979 0
1381 1944 1431 1980 Et
1454 1945 1598 1991 sponda
1617 1946 1732 1980 Hein-

205 2005 286 2040 sius
320 2002 372 2039 Et
394 2003 546 2049 spondis
573 2003 824 2038 Marklandus
860 2003 916 2039 De
948 2002 1093 2049 sponsis
1123 2003 1402 2040 Laetiohannus
1436 2005 1511 2040 Res
1546 2007 1658 2050 pacta
1687 2005 1733 2040 L.

210 2063 415 2099 Muellerus
458 2064 465 2107 1
510 2062 590 2098 solo
614 2063 763 2108 scripsi:
787 2063 871 2098 toto
896 2066 921 2097 0
945 2065 1029 2099 tuto
1054 2064 1151 2099 Itali
1174 2064 1263 2099 noto
1287 2064 1467 2100 Heinsius
1505 2066 1511 2109 Ι
1550 2063 1734 2099 mouimus

207 2123 403 2159 Heinsius:
429 2121 608 2157 soluimus
634 2125 659 2156 0
681 2122 688 2167 Ι
708 2121 819 2157 thoro
843 2125 871 2155 P
889 2125 922 2155 Π

302 2192 365 2228 IX.
412 2193 526 2227 Noua
549 2193 663 2237 elegia
686 2193 729 2227 in
753 2195 779 2226 0
806 2192 867 2238 (de
891 2192 1042 2228 hercule
1067 2193 1107 2228 et
1129 2193 1246 2229 nacho
1269 2198 1299 2228 1)
1318 2195 1363 2239 V)
1404 2196 1418 2240 Ι
1461 2199 1479 2230 1
1515 2194 1733 2240 amphitrio-

209 2251 338 2288 niades
363 2254 389 2285 0
407 2253 420 2297 Ι
438 2255 460 2286 2
486 2250 643 2296 Erythia
667 2251 874 2286 Turnebus:
900 2251 1036 2287 eritrea
1054 2255 1082 2285 Ε
1107 2253 1280 2297 erythrae
1297 2258 1327 2287 1)
1353 2253 1519 2290 eritheae
1536 2257 1567 2287 V
1591 2254 1737 2289 erithea

208 2312 311 2357 113
336 2310 451 2346 Venit
473 2309 523 2344 ad
546 2309 706 2344 incultos
729 2310 877 2354 scripsi:
903 2309 1016 2345 Venit
1040 2312 1078 2345 et
1103 2314 1147 2354 0,
1171 2314 1248 2346 tum
1272 2311 1421 2347 adiutos
1437 2316 1466 2346 F
1490 2311 1687 2348 aduinctos
1705 2316 1735 2346 1>

209 2369 406 2405 adiunctos
429 2371 460 2402 V
496 2368 691 2413 (adductos
715 2380 783 2413 my.
809 2380 855 2403 m.
879 2371 922 2414 2)
957 2369 1126 2405 aduictos
1150 2373 1183 2404 n
1218 2370 1333 2406 Venit
1367 2370 1417 2406 ad
1452 2371 1614 2407 inuictos
1640 2372 1737 2407 Itali

210 2429 325 2466 Venit
348 2428 397 2463 ad
421 2428 574 2463 eductos
598 2427 860 2463 Lachmamms
879 2428 886 2474 1
905 2439 1102 2464 nemorosa
1124 2432 1155 2463 V
1179 2441 1248 2474 my.
1272 2441 1319 2466 m.
1343 2431 1402 2475 2!
1429 2434 1451 2465 5
1477 2429 1595 2473 Quam
1619 2435 1649 2465 1)
1667 2434 1699 2464 V
1726 2431 1731 2477 ᾖ

209 2488 366 2524 uelabra
387 2490 419 2521 V
443 2499 489 2522 m.
514 2490 558 2530 2,
582 2489 632 2520 1:
657 2497 704 2521 ue
728 2486 827 2522 libra
850 2489 877 2521 0
898 2488 904 2532 Ι
926 2488 1153 2524 stanuabant
1175 2492 1204 2522 r
1228 2490 1429 2534 stagnabat
1451 2494 1480 2524 1)
1506 2490 1603 2534 (·bat
1625 2493 1667 2534 V,
1692 2495 1734 2526 ut

210 2547 343 2583 lineola
366 2547 520 2590 fortasse
544 2557 569 2580 α
591 2557 637 2581 m.
662 2549 689 2581 2
713 2546 775 2590 sit)
808 2547 815 2590 Ι
846 2545 1000 2582 flumina
1023 2550 1055 2581 Π
1076 2549 1082 2590 Ι
1110 2559 1258 2592 quaque
1283 2558 1322 2586 ςε
1347 2559 1496 2593 quoque
1521 2552 1547 2583 0
1571 2551 1734 2597 (quoque

210 2606 257 2651 Ι)
274 2607 289 2651 Ι
307 2610 326 2641 7
352 2605 608 2650 mampserunt
630 2608 658 2638 Ε
679 2606 686 2649 Ι
707 2604 823 2640 caeho
846 2609 876 2639 F
900 2606 1016 2642 chaco
1040 2610 1072 2640 Π
1102 2608 1116 2652 ΙΙ
1146 2612 1167 2643 8
1193 2608 1401 2643 Incolumes
1426 2619 1448 2645 ς
1469 2609 1476 2652 ξ
1496 2609 1619 2653 poluit
1641 2614 1671 2643 1>
1689 2613 1734 2654 u,

210 2667 241 2698 V
264 2675 311 2699 m.
336 2667 357 2699 1
379 2665 386 2708 Ι
407 2663 548 2708 ionem,
571 2664 628 2698 ita
652 2666 678 2696 0
713 2664 727 2708 Ι
762 2667 783 2698 9
810 2663 938 2700 Incola
962 2666 1073 2701 Itali:
1099 2666 1225 2701 Insula
1249 2670 1275 2701 0
1300 2667 1440 2702 Accola
1463 2667 1690 2703 Schradems
1726 2669 1731 2715 Ι

212 2734 323 2759 cacus
347 2726 390 2758 0:
415 2723 551 2758 chacus
575 2726 607 2756 Π
625 2723 639 2767 Ι
658 2726 703 2757 10
727 2734 836 2758 sonos
861 2727 903 2759 0:
927 2723 1033 2760 focos
1058 2736 1080 2763 ς
1104 2727 1118 2771 Ι
1144 2730 1186 2760 11
1213 2727 1312 2762 serta
1335 2730 1381 2771 r,
1406 2738 1497 2762 corr.
1523 2738 1592 2771 my.
1618 2739 1662 2763 m.
1688 2732 1734 2771 23

210 2786 301 2827 puto
324 2783 428 2817 reeta
449 2781 575 2817 forent
598 2781 762 2827 uestigia
785 2782 893 2828 signa
919 2784 934 2828 Ι
971 2788 1014 2819 12
1039 2785 1225 2821 Aduersos
1248 2789 1276 2819 P
1294 2787 1308 2831 Ι
1327 2790 1372 2820 14
1396 2786 1449 2831 et]
1477 2787 1518 2820 at
1535 2786 1699 2832 Guyetus
1726 2786 1732 2832 Ι

211 2841 302 2886 inpl.
322 2843 371 2876 1⁸:
389 2840 495 2886 impl.
516 2844 541 2874 0
560 2841 600 2875 in
617 2841 787 2886 placidas
798 2844 828 2875 V
846 2853 891 2876 m.
905 2846 932 2878 2
954 2843 960 2886 Ι
981 2843 1114 2881 dirruit
1126 2846 1165 2888 0,
1183 2843 1299 2879 diruit
1316 2845 1457 2891 (priore
1474 2856 1494 2878 r
1510 2846 1733 2892 suppum-ta)

212 2901 244 2933 V
267 2910 312 2934 m.
332 2902 378 2944 2,
401 2902 450 2944 13
475 2899 652 2935 malimin
675 2899 813 2936 fractas
836 2900 947 2939 irruit
