1898 3190
263 147 354 189 144
753 151 1015 189 PROPERTII
1039 153 1129 191 LIB.
1156 153 1216 192 III.
1243 158 1300 192 20.

974 360 1074 409 XX.

381 472 532 516 Credis
564 489 661 517 eum
692 475 779 517 iam
810 491 939 531 posse
970 479 1071 520 tuae
1103 479 1350 522 meminisse
1382 480 1563 536 figurae,

436 544 598 588 Vidisti
631 561 656 588 a
686 546 797 589 lecto
830 562 957 603 quem
989 536 1094 592 dare·
1122 551 1218 592 uela
1247 551 1354 593 tuo‘?

374 615 536 672 Durus,
567 617 641 673 qui
671 618 789 661 lucro
822 619 965 674 potuit
995 623 1163 664 mutare
1193 622 1401 676 puellam!

441 688 601 730 Tantin
632 691 681 731 ut
711 689 910 745 lacrimes
942 689 1092 734 Africa
1123 694 1218 735 tota
1247 692 1360 735 fuit?

339 759 435 801 5At
465 762 514 801 tu
547 759 684 802 stulta
716 759 888 803 adeo’s?
919 764 967 804 tu
998 763 1126 818 fingis
1158 763 1305 806 inania
1335 764 1469 806 uota?

432 829 639 874 Forsitan
669 832 743 875 ille
775 833 861 876 alio
892 821 1042 888 pectus
1075 849 1220 877 amore
1251 837 1376 878 terat.

372 900 456 943 Est
486 901 567 943 tibi
598 901 739 944 forma
768 906 943 959 potens,
974 908 1076 947 sunt
1107 907 1251 947 castae
1282 906 1472 949 Palladis
1505 910 1638 962 artes,

433 971 750 1030 Splendidaque
782 990 807 1016 a
838 975 965 1018 docto
997 975 1114 1019 fama
1143 977 1332 1033 refulget
1362 993 1464 1035 auo,

374 1043 615 1086 Fortunata
646 1044 815 1101 domus,
847 1047 975 1088 modo
1008 1047 1066 1089 sit
1094 1047 1176 1090 tibi
1207 1048 1316 1090 fidus
1349 1049 1524 1092 amicus.

318 1127 361 1158 10
433 1115 563 1159 Fidus
595 1131 689 1160 ero:
721 1118 767 1159 in
799 1119 972 1161 nostros
1004 1133 1142 1174 curre,
1172 1119 1337 1175 puella,
1367 1122 1500 1163 toros.

1010 1228 1033 1254 *

889 1286 913 1312 *
1127 1287 1151 1313 *

317 1378 358 1408 13
373 1366 472 1409 Nox
503 1367 611 1409 mihi
641 1367 783 1422 prima
812 1367 943 1409 uenit.
974 1367 1138 1423 primae
1170 1367 1269 1409 date
1299 1370 1497 1424 tempora
1525 1369 1686 1412 noctis:

317 1449 361 1480 14
434 1438 626 1494 Longius
658 1439 703 1480 in
734 1439 893 1494 primo,
924 1438 1063 1494 Luna,
1095 1453 1263 1481 morare
1294 1442 1410 1483 toro:

315 1509 439 1551 11Tu
471 1524 657 1566 quoque,
689 1511 763 1565 qui
795 1511 985 1553 aestiuos
1018 1510 1250 1566 spatiosius
1284 1511 1420 1567 exigis
1451 1511 1593 1568 ignes,

316 1591 359 1622 12
433 1580 626 1637 Phoebe,
658 1584 903 1624 moraturae
936 1581 1140 1623 contrahe
1171 1581 1280 1624 lucis
1311 1582 1406 1625 iter.

317 1662 359 1694 15
373 1651 566 1695 Foedera
599 1655 699 1694 sunt
729 1652 930 1707 ponenda
960 1652 1079 1707 prius
1112 1653 1408 1709 signandaque
1440 1653 1536 1696 iura

429 1723 490 1767 Et
521 1723 744 1766 scribenda
777 1723 883 1765 mihi
914 1723 982 1765 lex
1012 1723 1058 1765 in
1090 1738 1235 1766 amore
1266 1738 1394 1767 nouo.

371 1793 491 1837 Haec
522 1795 658 1837 Amor
687 1795 780 1850 ipse
813 1808 890 1837 suo
923 1795 1191 1851 constringet
1220 1795 1403 1851 pignora
1434 1795 1578 1852 signo:

433 1867 575 1909 Testis
607 1866 796 1909 sidereae
826 1868 921 1908 tota
951 1881 1110 1909 corona
1140 1866 1256 1909 deae.

347 2067 437 2102 Vnt.
465 2080 564 2104 Lacr.
614 2067 693 2103 XX.
735 2067 850 2103 Noua
868 2067 981 2113 elegia
999 2078 1080 2103 eum
1099 2068 1205 2103 titulo
1225 2068 1271 2103 de
1290 2068 1543 2112 contemptore
1562 2069 1778 2115 (comptem—

251 2130 360 2174 ptore
384 2131 415 2162 V
451 2139 495 2164 em
519 2131 625 2173 parte
649 2128 830 2163 euanidus
855 2128 1111 2172 comptentore
1135 2128 1181 2172 D)
1213 2127 1384 2172 amic(a)e
1414 2127 1457 2162 in
1489 2129 1514 2161 0
1555 2127 1569 2172 ΙΙ
1613 2132 1630 2163 1
1669 2131 1715 2163 θῦ
1741 2129 1780 2174 (u

251 2199 297 2223 m.
323 2190 349 2223 2
374 2190 482 2232 corr.)
505 2191 533 2221 Ε
570 2186 670 2222 enim
694 2191 741 2230 1³3
774 2187 928 2230 fortasse
959 2189 1051 2221 reete
1080 2186 1114 2221 si
1142 2187 1292 2221 initium
1322 2186 1437 2222 deesse
1466 2186 1662 2222 statuimus
1701 2188 1715 2232 ΙΙ
1755 2190 1779 2222 4

253 2247 412 2283 Tantine
443 2246 530 2292 (-tin
556 2246 632 2292 eqo)
670 2248 714 2281 ut
749 2245 921 2281 lacrimes
954 2245 1149 2280 Heinsius:
1189 2245 1319 2280 Tantis
1353 2244 1393 2280 in
1429 2245 1594 2280 lacrimis
1625 2248 1671 2291 0,
1705 2246 1782 2281 nisi

253 2307 348 2352 quod
378 2317 424 2341 ne
455 2317 572 2351 supra
603 2306 735 2341 lineam
766 2316 811 2342 m.
844 2308 865 2339 1
893 2308 947 2349 (ut
972 2305 1064 2349 uid.)
1089 2307 1118 2338 V
1143 2305 1308 2349 addidit,
1340 2305 1437 2340 unde
1460 2303 1638 2340 Tantisne
1661 2304 1701 2341 in
1724 2307 1779 2349 113

253 2365 411 2400 Tantine
441 2365 480 2400 in
512 2364 623 2400 lucris
649 2364 862 2400 Gronouius
887 2363 1048 2399 Tantine
1079 2363 1137 2398 his
1169 2363 1332 2399 lacrimis
1360 2363 1563 2399 Paldamus
1600 2364 1607 2408 Ι
1645 2363 1776 2399 affrica

250 2429 278 2458 F
297 2428 329 2459 N
359 2426 371 2470 ΙΙ
402 2428 422 2459 5
449 2425 566 2460 stulta
590 2423 714 2459 adeo's
729 2428 745 2459 ‘x‘
772 2423 880 2459 Oonr.
905 2423 1162 2468 Rossberyius:
1189 2423 1306 2458 stulta
1329 2422 1416 2459 deos
1442 2425 1468 2457 0
1490 2424 1495 2468 Ι
1516 2423 1607 2458 uota
1630 2424 1778 2468 scripsi:

251 2484 366 2520 uerba
380 2487 404 2518 0
430 2495 520 2519 uera
532 2484 823 2529 Laehmannusfl
843 2488 863 2519 6
881 2484 982 2518 terat
1005 2486 1032 2516 F
1051 2486 1083 2516 N
1108 2484 1151 2528 (V
1176 2494 1221 2517 m.
1241 2483 1299 2527 2):
1324 2482 1416 2517 terit
1437 2486 1467 2516 1)
1486 2484 1517 2515 V
1541 2483 1582 2527 (r
1605 2492 1650 2518 m.
1670 2483 1712 2528 2)
1731 2482 1744 2530 ΙΙ
1757 2487 1776 2518 ’1

252 2545 321 2578 Ast
346 2547 376 2577 N
390 2544 401 2590 {fi
417 2547 459 2578 10
479 2555 549 2589 ego
563 2543 740 2578 Heinsius
758 2543 761 2589 Ι
778 2542 938 2588 t(h)0ros
959 2545 1001 2576 0:
1028 2542 1128 2576 sinus
1148 2542 1194 2588 ςΗ
1212 2546 1252 2583 11
1271 2551 1344 2587 sqq.
1371 2541 1566 2576 adhaerent
1583 2542 1777 2586 prioribus
1895 2559 1898 2591 3

251 2604 294 2638 in
313 2606 350 2649 0,
369 2613 487 2647 separ.
509 2603 685 2648 Scahqer,
711 2603 826 2648 quiet
843 2613 906 2637 uu.
926 2602 991 2646 qui
1014 2604 1101 2636 sunt
1123 2605 1177 2646 11,
1204 2604 1246 2636 12
1273 2604 1305 2635 et
1331 2604 1388 2646 13,
1414 2604 1458 2635 14
1481 2601 1523 2635 in
1548 2603 1573 2635 0
1598 2601 1743 2637 traiecit
1766 2600 1778 2647 Η
1890 2628 1898 2645 =.

253 2666 296 2698 13
322 2662 412 2697 data.
437 2673 458 2700 ς
495 2663 507 2707 ΙΙ
546 2666 589 2697 14
614 2673 759 2697 morare
785 2672 829 2696 em
853 2662 998 2696 morate
1022 2672 1067 2695 m.
1094 2664 1115 2695 1
1142 2664 1173 2694 Π
1201 2661 1206 2705 Ι
1233 2661 1342 2695 thoro
1366 2663 1394 2693 l·
1412 2663 1444 2694 B
1479 2660 1493 2705 ΙΙ
1530 2663 1572 2695 11
1599 2660 1729 2705 Tuque
1754 2670 1776 2695 ο
1880 2655 1898 2670 t

251 2722 514 2757 Lachmannus
553 2722 559 2766 Ι
605 2722 750 2757 extiuos
789 2724 820 2763 (s
857 2731 972 2765 supra
996 2731 1020 2754 x
1043 2731 1089 2756 m.
1115 2721 1156 2765 2)
1181 2723 1208 2753 F
1254 2721 1259 2764 Ι
1306 2717 1510 2764 spaciosius
1535 2721 1566 2752 V
1588 2730 1634 2754 m.
1659 2722 1704 2764 2,
1728 2721 1775 2753 11:

251 2781 442 2827 spaciosus
468 2783 493 2814 0
512 2782 525 2826 ΙΙ
547 2784 588 2815 15
613 2780 812 2826 pangenda
835 2780 1078 2815 Burmannus
1100 2780 1106 2824 Ι
1133 2779 1217 2814 iura
1240 2779 1309 2824 (ita
1332 2778 1393 2824 R)]
1420 2789 1496 2813 una.
1519 2782 1547 2812 F
1575 2778 1589 2824 ΙΙ
1620 2782 1663 2813 17
1690 2788 1776 2813 con·
1875 2810 1877 2813 .

251 2841 381 2887 fringit
406 2844 431 2874 0
471 2840 692 2885 constringit
715 2844 743 2874 1²·
769 2852 813 2876 m.
840 2843 885 2885 2,
922 2842 952 2873 V
976 2851 1045 2885 my.
1070 2851 1115 2874 m.
1141 2841 1184 2883 2,
1216 2841 1248 2872 N
1273 2838 1502 2883 constringet
1525 2837 1730 2873 Beroaldus
1767 2835 1773 2885 Ι
1872 2863 1890 2882 r

249 2902 396 2947 pignita
420 2905 447 2934 F
472 2901 629 2946 pignera
652 2901 746 2935 idem
769 2911 814 2935 m.
841 2903 867 2935 2
893 2903 926 2934 et
950 2902 981 2932 R
999 2901 1012 2944 ΙΙ
1033 2902 1075 2933 18
1102 2899 1184 2934 tota
1211 2897 1461 2932 Passeratius:
1486 2897 1589 2932 torta
1613 2898 1639 2929 0
1762 2904 1765 2905 ’
1867 2891 1888 2949 ἑ

1864 2997 1881 3024 a

1845 3030 1898 3190 l<
