1898 3190
625 150 887 188 PROPERTII
911 151 1000 187 LIB.
1023 151 1054 200 1·
1079 153 1112 186 5.
1139 155 1172 187 6.
1624 148 1652 189 9

245 260 337 304 Nec
366 261 453 303 iam
486 260 697 314 pallorem
726 259 888 302 totiens
919 258 1132 301 mirabere
1161 259 1381 312 nostrum,

305 330 396 374 Aut
425 346 501 374 cur
533 331 615 372 sim
644 332 739 373 toto
771 345 951 386 corpore
979 330 1124 385 nullps
1155 343 1250 385 ego.

243 400 336 444 Nec
365 401 447 444 tibi
477 401 685 444 nobilitas
714 401 877 456 poterit
907 415 1152 443 succurrere
1183 402 1367 443 amanti:

303 472 456 516 Nescit
485 471 621 514 Amor
650 472 806 528 priscis
836 471 986 514 cedere
1015 471 1292 527 imaginibus.

187 554 234 588 25
247 543 372 596 Quod
403 544 441 586 si
470 559 607 599 parua
635 546 738 586 tuae
767 543 932 586 dederis
962 543 1151 599 uestigia
1181 543 1351 597 culpae,

307 615 447 667 Quam
478 615 565 670 cito
597 615 649 657 de
678 617 802 658 tanto
831 615 1006 658 nomine
1036 629 1184 657 rumor
1214 615 1316 657 eris!

246 685 349 729 Non
380 700 460 742 ego
494 688 588 728 tum
617 688 769 740 potero
801 685 958 728 solatia
988 685 1099 727 ferre
1130 686 1322 741 roganti,

307 756 418 800 Cum
447 757 553 799 mihi
583 756 705 798 nulla
734 756 819 798 mei
849 756 909 798 sit
939 756 1151 799 medicina
1181 757 1302 812 mali,

249 827 333 872 Sed
363 829 526 883 pariter
557 827 704 870 miseri
735 827 852 870 socio
883 841 1087 883 cogemur
1117 843 1264 871 amore

189 910 236 942 30
306 899 433 941 Alter
463 899 509 940 in
539 898 716 940 alterius
747 900 898 940 mutua
926 898 1029 941 flere
1060 899 1169 941 sinu.

248 969 407 1024 Quare,
438 969 541 1025 quid
570 969 710 1024 possit
740 982 836 1010 mea
867 967 1072 1024 Cynthia,
1103 968 1267 1025 desine,
1299 970 1422 1013 Galle
1430 958 1455 1026 ‚'

308 1040 542 1091 Quaerere:
571 1054 661 1082 non
691 1039 852 1096 inpune
882 1039 959 1082 illa
989 1042 1144 1096 rogata
1175 1041 1305 1083 uenit.

813 1313 931 1361 'VI

249 1418 351 1462 Non
381 1433 462 1475 ego
492 1433 605 1461 nunc
636 1417 826 1461 Hadriae
857 1432 1010 1477 uereor
1039 1434 1158 1462 mare
1188 1434 1364 1463 noscere
1396 1422 1557 1476 tecum,

308 1490 451 1546 Tulle,
481 1505 620 1546 neque
650 1490 825 1546 Aegaeo
857 1490 1010 1533 ducere
1042 1491 1140 1533 uela
1171 1492 1282 1546 salo,

249 1559 358 1604 Cum
388 1575 472 1616 quo
503 1561 721 1617 Rhipaeos
752 1561 918 1617 possim
948 1563 1234 1606 conscendere
1266 1566 1434 1607 montes

307 1631 586 1688 Ulteriusque
617 1632 743 1675 domo
774 1632 932 1676 uadere
962 1633 1229 1677 Memnonia:

217 1701 335 1745 5Sed
365 1717 433 1745 me
465 1703 713 1758 complexae
742 1707 1016 1746 remorantur
1046 1705 1178 1747 uerba
1209 1706 1395 1761 puellae,

234 1788 242 1798 ²
309 1773 561 1829 Mutatoque
592 1788 747 1830 graues
780 1789 907 1830 saepe
938 1775 1082 1818 colore
1111 1790 1273 1831 preces.

250 1844 333 1887 Illa
362 1844 470 1887 mihi
500 1845 606 1888 totis
637 1847 813 1901 argutat
841 1846 1040 1889 noctibus
1072 1847 1196 1903 ignes

277 1935 285 1941 ·
308 1915 369 1958 Et
399 1916 592 1972 queritur
621 1917 763 1960 nullos
796 1932 889 1960 esse
918 1917 1071 1960 relicta
1101 1918 1223 1974 deos;

248 1986 333 2029 Illa
362 2001 501 2029 meam
531 1987 640 2030 mihi
669 1988 755 2030 iam
789 2002 834 2029 se
866 1987 1071 2044 denegat,
1102 1989 1180 2031 illa
1211 1990 1418 2046 minatur,

194 2069 239 2101 10
310 2057 429 2108 Quae
459 2058 573 2101 solet
602 2059 774 2114 ingrato
805 2059 945 2101 tristis
978 2060 1116 2102 amica
1147 2061 1253 2103 uiro.

227 2220 319 2258 Vn.
344 2235 440 2258 nnc-r.
490 2227 534 2258 21
567 2223 731 2259 nostram
750 2227 782 2258 Π
806 2235 851 2260 m.
877 2227 898 2258 1
918 2225 931 2269 ΙΙ
949 2228 994 2260 23
1021 2224 1180 2270 poterrit
1197 2228 1228 2259 K
1250 2227 1256 2270 Ι
1277 2237 1466 2262 saecun-es
1484 2230 1516 2260 Π
1541 2238 1585 2263 m.
1606 2230 1627 2261 1
1649 2241 1650 2254 π

134 2285 183 2318 24
205 2280 337 2328 nouit
359 2283 395 2327 (c
418 2293 463 2318 m.
489 2286 509 2317 1
535 2285 738 2328 suprascr.)
764 2286 796 2317 Β
817 2285 823 2328 Ι
843 2294 966 2330 ymag.
992 2287 1023 2318 Δ
1058 2284 1071 2328 ΙΙ
1107 2288 1152 2320 25
1178 2284 1274 2327 Quid
1299 2284 1329 2320 si
1354 2290 1383 2319 1)
1402 2288 1432 2318 V
1462 2287 1475 2331 u
1505 2290 1549 2321 27
1576 2297 1660 2321 cum

133 2352 171 2386 p.
195 2340 335 2377 solacia
357 2343 388 2375 A
423 2343 436 2386 fl
472 2345 517 2377 29
549 2341 645 2377 sotio
669 2345 782 2376 DPV
817 2345 830 2387 Η
866 2347 908 2377 31
943 2342 1032 2388 quid
1056 2346 1134 2377 DV
1159 2345 1204 2389 (Π
1229 2346 1352 2390 corr.):
1385 2345 1485 2390 quod
1510 2349 1602 2391 Ar,
1628 2349 1660 2379 R

134 2411 179 2436 m.
205 2399 447 2446 llgcynthia
470 2402 594 2445 Aut-32
621 2401 710 2446 imp.
736 2405 765 2435 1>

227 2469 290 2506 VI.
338 2470 452 2506 Noua
475 2472 588 2516 elegia
613 2482 694 2507 cum
718 2473 827 2508 titulo
850 2472 900 2508 ad
923 2473 1060 2508 tullum
1078 2474 1120 2509 in
1139 2476 1164 2508 0
1183 2476 1196 2519 ΙΙ
1216 2478 1233 2508 1
1259 2485 1356 2510 nunc
1375 2479 1402 2508 F
1427 2487 1472 2510 m.
1499 2478 1543 2520 2,
1569 2478 1659 2509 RV:

134 2530 356 2566 anacam*
385 2528 515 2570 ladrie
539 2532 615 2564 AF
640 2530 744 2578 adrie
768 2534 866 2569 Vm.
891 2535 918 2569 2
942 2532 1072 2568 hadrie
1097 2535 1206 2578 nvn
1231 2537 1251 2568 2
1278 2544 1370 2578 egeo
1395 2537 1518 2568 ΔΒΕ·
1545 2545 1660 2580 aegeo

135 2590 167 2622 V
189 2588 286 2634 aefio
309 2592 342 2623 Π
377 2590 390 2634 ΙΙ
425 2593 446 2624 3
484 2600 559 2634 quo
582 2589 733 2635 rhipeos
756 2593 789 2625 Π
813 2601 923 2627 coma:
949 2591 1135 2637 corripeos
1161 2595 1185 2626 0
1212 2592 1381 2638 coripeos
1405 2596 1437 2626 Π
1461 2604 1506 2627 m.
1534 2596 1554 2628 1
1581 2604 1659 2628 cor·

135 2657 287 2694 cyraeos
309 2651 340 2682 V
363 2659 431 2694 my.
457 2660 503 2684 m.
528 2652 554 2686 2
579 2650 685 2694 (quae
708 2651 742 2685 et
765 2650 978 2698 corripheos
1004 2652 1110 2696 corr.)
1132 2654 1138 2696 Ι
1160 2651 1326 2688 coscend.
1353 2655 1380 2685 F
1404 2654 1416 2697 [Ι
1442 2656 1464 2687 4
1490 2651 1599 2687 domo
1616 2673 1658 2677 —

134 2705 347 2742 Memnonia
382 2707 661 2744 Lachmannus:
704 2707 834 2744 domos
871 2712 914 2754 0,
951 2713 1028 2746 tum
1063 2710 1267 2747 memonias
1302 2714 1333 2745 Δ
1351 2715 1378 2745 F
1416 2711 1659 2756 (memnonias

135 2765 247 2802 huius
268 2777 314 2803 m.
339 2770 366 2803 2
390 2770 424 2802 et
446 2768 511 2812 R),
535 2767 575 2802 in
599 2767 764 2804 emonias
786 2772 815 2803 1)
834 2771 865 2802 V
896 2769 1007 2817 (hem.
1041 2771 1152 2806 huius
1175 2782 1220 2808 m.
1246 2774 1293 2816 2,
1324 2783 1415 2816 quae
1439 2775 1471 2806 et
1496 2782 1659 2807 memno-

135 2824 218 2860 nias
234 2825 278 2860 in
293 2827 423 2871 marg.)
441 2827 454 2871 ΙΙ
472 2830 493 2861 5
518 2827 772 2862 memorantur
789 2830 836 2873 A,
854 2831 883 2862 r
906 2840 952 2864 m.
977 2833 998 2864 1
1021 2830 1059 2875 ‘36
1077 2830 1208 2877 >colore
1232 2834 1260 2864 1⁷
1285 2842 1328 2866 m.
1356 2834 1393 2874 2,
1418 2833 1447 2863 V
1466 2841 1534 2875 my.
1555 2842 1600 2865 m.
1621 2834 1658 2873 2,

136 2885 186 2918 12
210 2882 338 2921 dolore
364 2887 390 2918 0
428 2887 440 2930 [Ι
476 2889 498 2921 9
523 2886 662 2932 meam]
689 2886 801 2922 etiam
827 2887 1048 2924 Fonteinius
1080 2890 1093 2934 fl
1132 2893 1175 2925 10
1201 2888 1349 2937 ingrato
1376 2890 1487 2926 Itali:
1513 2889 1608 2925 irato
1635 2893 1659 2924 0
