1898 3190
183 134 304 170 XXIV
764 134 1141 172 PROLEGOMENA.

182 257 331 285 uocem
364 242 595 286 ‘hesterna'
629 246 781 299 aperta
811 243 952 286 fronte
978 258 1075 286 cum
1100 243 1186 286 fine
1212 244 1413 286 carminis
1444 245 1711 299 pugnantem

182 313 386 356 Heinsius
425 314 729 369 plaudentibus
766 314 1001 356 editoribus
1038 314 1256 370 plerisque
1293 314 1340 356 in
1377 312 1608 356 ‘extrema'
1646 328 1709 357 re-

181 385 309 427 finxit
339 385 579 427 mutatione
608 385 818 428 facillima
857 384 1203 440 felicissimaque.
1264 385 1339 427 sed
1370 385 1617 428 etiamnunc
1647 399 1710 427 re-

183 457 332 498 manet
358 456 582 511 scrupulus
608 456 821 498 maximus
847 455 894 497 in
911 455 1056 498 uerbis
1082 454 1194 498 ‘mea
1211 454 1315 499 lux'.
1348 470 1450 498 nam
1474 456 1519 498 in
1543 456 1710 511 reliquo

184 529 385 582 poemate
416 526 666 582 Propertius
699 526 935 582 Oynthiam
965 541 1178 582 nusquam
1209 526 1469 583 adloquitur,
1499 526 1632 568 immo
1660 525 1711 568 de

186 613 237 640 ea
267 600 492 653 tamquam
523 598 652 640 tertia
682 613 868 653 persona
899 598 1033 640 uerba
1063 597 1227 640 faciens
1248 599 1376 653 atque
1406 597 1548 652 ipsam
1578 597 1711 640 intro-

185 669 345 711 ducens
390 668 638 723 loquentem
682 683 856 711 causam
893 662 1062 710 discidii
1106 669 1256 710 narrat
1292 667 1540 710 lectoribus.
1599 668 1714 723 quod

185 739 343 795 quibus
375 739 513 781 iustae
545 738 771 781 offensioni
803 741 907 794 erat,
939 739 977 780 ei
1005 738 1103 780 inde
1136 754 1162 780 a
1192 754 1231 781 u.
1252 739 1308 781 23
1339 753 1499 782 nouam
1529 739 1714 795 elegiam

186 810 374 865 incipere
399 809 626 865 putabant.
669 809 782 852 hanc
807 809 1022 851 rationem
1047 812 1096 851 ut
1115 809 1219 852 olim
1240 825 1265 852 a
1285 808 1454 865 Guyeto
1473 809 1536 852 ita
1559 824 1714 865 nuper-

186 881 293 923 rime
337 880 391 922 ab
437 879 765 936 Eschenburgio
808 879 1071 936 Rossbergio
1116 879 1438 924 Sandstroemio
1481 881 1638 923 initam
1677 881 1715 924 si

185 952 426 1007 sequimur,
470 951 576 994 duos
626 965 794 1006 pannos
837 952 1144 1003 nanciscimur,
1188 966 1370 1007 quorum
1419 951 1544 994 alteri
1587 953 1718 1007 caput

185 1022 310 1065 desit.
354 1023 416 1065 ita
442 1022 558 1064 enim
581 1022 688 1065 haec
716 1037 816 1078 pars
843 1022 1059 1078 posterior
1076 1023 1264 1078 priorem
1290 1022 1448 1078 excipit
1465 1022 1716 1066 continuato

188 1094 452 1136 narrationis
485 1094 558 1136 filo
590 1096 650 1149 ut,
682 1094 719 1135 si
750 1093 796 1136 in
828 1094 1045 1137 codicibus
1077 1094 1186 1136 duae
1218 1094 1512 1137 inuenirentur
1541 1094 1718 1150 elegiae,
1795 1090 1800 1094 ”

186 1166 322 1208 multo
371 1164 518 1221 plures
562 1165 735 1208 criticos
773 1167 919 1220 aperte
963 1164 1238 1207 cohaerentia
1281 1164 1578 1221 coniungenda
1625 1179 1718 1208 esse

186 1237 450 1279 clamaturos
494 1236 677 1279 credam.
741 1235 930 1292 Cynthia
972 1237 1204 1292 postquam
1249 1238 1387 1280 totam
1431 1249 1508 1291 per
1546 1237 1718 1287 noctem

187 1306 462 1362 Propertium
493 1307 656 1351 frustra
688 1308 950 1363 expectauit,
988 1323 1085 1351 cum
1115 1308 1188 1351 ille
1220 1309 1314 1350 luce
1345 1307 1718 1364 appropinquante

187 1378 362 1421 tandem
400 1379 586 1435 ueniret,
624 1379 737 1422 irata
773 1381 996 1434 tamquam
1026 1393 1129 1421 num
1168 1379 1264 1434 ipsa
1295 1379 1389 1421 sola
1419 1378 1597 1421 cubaret
1627 1394 1719 1436 spe-

188 1450 432 1493 culaturum
464 1450 510 1493 in
540 1450 722 1507 longum
755 1452 923 1506 tempus
957 1450 1149 1492 exclusit.
1203 1450 1291 1492 iam
1322 1449 1367 1492 in
1404 1450 1591 1505 gratiam
1622 1465 1720 1494 cum

189 1521 353 1564 amasia
384 1521 552 1564 rediens
583 1524 715 1577 poeta
750 1521 834 1564 hoc
872 1521 1074 1574 carmine,
1103 1535 1187 1577 quo
1223 1521 1364 1563 minus
1389 1521 1531 1576 ipsum
1556 1521 1719 1564 factum

190 1606 351 1648 negare
382 1593 545 1648 potuit,
576 1607 625 1635 eo
658 1593 800 1649 magis
831 1592 1003 1634 foedam
1034 1592 1156 1634 illam
1188 1591 1474 1646 suspitionem
1505 1590 1570 1648 (se
1596 1592 1722 1648 quasi

194 1663 508 1718 speculatorem
541 1662 748 1720 adfuisse)
787 1663 951 1705 diluere
996 1663 1180 1705 studuit:
1223 1662 1332 1704 bene
1370 1663 1524 1718 potum
1566 1664 1611 1705 et
1651 1677 1719 1705 co-

189 1734 443 1776 missantem
481 1748 526 1776 se
564 1734 618 1776 ab
658 1734 765 1788 ipsis
804 1733 1040 1776 Amoribus
1077 1735 1300 1788 tamquam
1339 1732 1510 1787 puellae
1546 1732 1720 1776 famulis

190 1805 418 1847 deductum
458 1804 633 1847 domum
664 1804 755 1846 eius
787 1804 991 1860 intrasse,
1029 1804 1261 1860 aditurum,
1298 1802 1426 1846 modo
1457 1803 1552 1846 sola
1590 1806 1722 1860 esset;

191 1878 235 1918 et
265 1876 366 1918 dum
398 1875 580 1918 crimina
611 1890 637 1918 a
664 1873 854 1930 Cynthia
885 1874 969 1916 sibi
1000 1874 1170 1918 obiecta
1202 1874 1388 1930 exponit,
1419 1874 1548 1916 simul
1578 1877 1622 1917 et
1645 1890 1717 1918 ue-

192 1960 317 1989 neres
344 1946 436 1988 eius
457 1948 501 1988 et
526 1946 771 1988 castitatem
797 1945 984 1988 feminae
1013 1947 1252 1988 commotae
1277 1944 1552 1988 blanditurus
1575 1947 1720 2001 pulcre

194 2016 392 2072 depingit
434 2017 648 2072 finemque
692 2016 797 2058 facit
835 2016 1112 2059 sanctitatem
1144 2016 1300 2058 amoris
1339 2015 1405 2058 sui
1446 2017 1718 2060 testificando

193 2088 471 2144 miseriasque
510 2102 561 2132 ex
592 2087 669 2130 illo
707 2089 902 2143 tempore
939 2087 1131 2142 perlatas
1164 2087 1554 2130 commemorando.
1607 2101 1722 2131 nunc

191 2161 287 2216 lege
318 2158 427 2201 mihi
453 2158 636 2214 elegiam
662 2173 758 2201 cum
786 2161 878 2201 arte
904 2157 1057 2201 affabri
1083 2158 1385 2213 compositam:
1417 2172 1544 2214 quam
1567 2172 1721 2213 parum

192 2231 239 2272 in
270 2230 374 2273 duas
408 2229 590 2273 discindi
621 2230 858 2285 particulas
890 2229 1082 2284 patiatur
1113 2242 1322 2284 agnoscas
1356 2230 1539 2284 oportet.
1574 2228 1720 2284 itaque

192 2301 326 2343 uerba
363 2299 482 2342 ‘mea
518 2299 613 2342 lux'
654 2302 852 2355 suspecta
896 2298 1180 2342 iudicabimus
1194 2297 1250 2355 *).
1305 2300 1348 2340 et
1386 2313 1481 2342 ecce
1519 2297 1722 2342 subuenit

193 2372 286 2428 ipse
318 2377 374 2428 03
403 2385 505 2413 nam
537 2373 580 2413 et
609 2378 648 2414 D
681 2372 724 2413 et
754 2377 789 2413 F
822 2369 964 2413 ‘modo
990 2367 1078 2411 lux’
1111 2371 1330 2424 praebent,
1360 2376 1401 2413 V
1433 2371 1578 2412 autem
1609 2368 1721 2413 ‘mea

196 2441 292 2486 lux'
323 2443 387 2485 ita
416 2444 466 2484 ut
497 2441 634 2485 ‘mea'
668 2441 726 2483 sit
762 2442 807 2484 in
843 2455 992 2483 rasura
1029 2440 1236 2494 scriptum
1272 2438 1404 2496 (unde
1441 2442 1485 2482 et
1519 2446 1556 2483 1*
1586 2454 1720 2496 marg.

195 2529 250 2556 m.
276 2514 303 2556 2
335 2515 378 2555 et
408 2519 451 2556 N
481 2513 527 2555 in
565 2515 684 2555 textu
723 2512 832 2555 illud
870 2509 1103 2566 exhibent).
1158 2511 1285 2553 lectio
1317 2511 1452 2567 igitur
1483 2511 1721 2566 antiquitus

195 2585 355 2627 tradita
387 2587 453 2626 est
485 2583 628 2626 ‘modo
660 2583 767 2639 lux'3
798 2583 845 2625 in
871 2597 955 2638 qua
987 2580 1145 2624 ‘modo'
1179 2582 1348 2638 egregie
1380 2596 1425 2624 se
1455 2581 1599 2638 habet,
1623 2596 1721 2624 cum

197 2656 368 2712 saepius
407 2655 522 2711 apud
557 2654 831 2710 Propertium
869 2668 919 2695 ea
955 2667 1040 2695 uox
1079 2652 1393 2708 significatione
1429 2651 1516 2695 late
1552 2651 1722 2707 patenti

292 2819 326 2865 ²¹²)
351 2818 569 2856 Fonteinius
593 2819 743 2864 praeter
763 2816 838 2853 alia
864 2818 965 2862 (nam
990 2816 1029 2852 in
1047 2827 1140 2853 uoce
1168 2815 1373 2852 ‘hesterna’
1400 2825 1475 2851 non
1499 2814 1720 2861 offenderat)

198 2879 357 2916 coniecit
383 2878 555 2915 ‘infelix’.
