1898 3190
706 162 1084 200 PROLEGOMENA.
1581 160 1667 196 XIX

313 272 529 315 Mercurio
561 272 668 315 satis
698 272 837 315 fertur
865 270 1107 314 Boebeidos
1138 269 1264 312 undis

378 342 634 400 Virgineum
665 343 805 399 primo
836 342 1130 398 composuisse
1160 341 1288 383 latus.

136 425 350 483 Cynthiae
380 426 714 482 pulcritudinem
743 426 1038 468 celebraturus
1068 426 1200 479 poeta
1235 437 1332 465 eam
1363 437 1460 465 cum
1490 422 1666 464 Pallade

134 497 410 553 heroinisque
440 497 643 540 formosis
675 499 910 552 comparat.
960 496 1035 538 sed
1065 494 1250 550 pessime
1281 493 1368 535 ista
1399 493 1667 548 comparatio

137 568 279 610 euasit
307 568 354 610 in
382 570 508 623 parte
538 568 788 624 posteriore,
818 567 1055 610 editoribus
1087 567 1123 608 si
1154 565 1380 608 credimus.
1418 579 1458 606 11.
1487 564 1540 605 11
1567 562 1667 606 Gal-

135 638 285 681 derino
315 641 489 682 auctore
521 638 660 694 ‘Sais'‚
694 655 731 681 u.
759 639 814 681 12
846 639 1051 681 suadente
1082 636 1284 679 Turnebo
1317 633 1502 678 ‘Brimo'
1530 635 1664 691 uulgo

136 709 338 752 scribunt.
394 710 469 752 sed
507 710 622 753 enim
652 709 792 766 Sami,
828 710 872 751 id
904 711 972 752 est
1001 708 1222 751 Mineruae
1252 706 1567 762 Aegyptiacae,
1603 706 1666 748 nil

135 794 361 823 commune
391 795 484 824 esse
515 795 613 823 cum
637 780 786 823 Brimo
820 781 912 823 siue
936 779 1214 835 Persephone
1245 791 1426 833 cumque
1452 776 1666 819 Boebeide

133 852 250 907 lacu,
287 854 402 894 recte
434 851 741 894 animaduertit
771 839 1120 894 Schneidewinus
1153 848 1386 904 [Philolog.
1415 847 1437 890 I
1467 863 1508 903 p.
1540 849 1664 904 384];

133 937 213 966 nec
251 923 420 966 admitti
456 921 598 965 ‘Sais'
636 938 662 965 a
702 923 910 978 producta
940 923 1084 978 priore
1115 919 1286 976 syllaba
1296 918 1352 975 ²¹⁵).
1401 933 1479 962 nec
1514 918 1664 961 Brimo

132 993 295 1036 maiore
324 994 417 1036 iure
446 993 531 1036 huc
556 993 694 1035 inlata
718 995 802 1047 est3
833 993 879 1035 in
904 1007 989 1048 qua
1013 989 1287 1034 inlustranda
1314 988 1663 1031 Schneidewinus

131 1064 196 1106 nil
230 1064 427 1120 profecit.
475 1063 682 1120 quidquid
712 1063 886 1106 fabulae
918 1064 972 1106 ab
1004 1062 1251 1106 auctoribus
1283 1060 1528 1104 recentibus
1560 1075 1663 1115 pro-

131 1136 247 1178 latae
283 1135 335 1177 de
371 1135 518 1177 liberis
556 1150 583 1178 a
611 1133 826 1178 Mercurio
864 1149 962 1177 cum
992 1134 1157 1177 Hecate
1194 1132 1432 1188 procreatis
1472 1134 1666 1184 narrant,

132 1204 282 1247 Brimo
318 1205 458 1248 tristis
490 1208 534 1247 et
564 1220 714 1248 seuera
744 1208 838 1248 erat
869 1206 969 1261 dea,
1000 1220 1130 1261 quam
1161 1204 1346 1247 inuitam
1376 1205 1420 1245 et
1450 1203 1665 1245 reluctan-

132 1279 223 1319 tem
253 1279 451 1332 stuprum
481 1292 578 1320 esse
615 1293 790 1333 passam
822 1279 1012 1332 constat3
1048 1291 1186 1333 neque
1218 1274 1334 1332 quod
1370 1274 1453 1317 hac
1484 1290 1510 1316 a
1540 1277 1665 1330 parte

133 1339 442 1405 Hertzbergius
485 1348 666 1404 protulit
708 1349 944 1400 refutatum
988 1350 1066 1390 est.
1129 1348 1341 1390 absonum
1392 1348 1460 1387 est
1508 1348 1666 1400 autem,

133 1433 231 1461 cum
259 1419 388 1462 furua
416 1420 493 1462 illa
517 1420 598 1462 dea
622 1420 807 1462 conferri
827 1418 1076 1475 Cynthiam.
1116 1419 1227 1461 unde
1254 1433 1351 1461 cum
1383 1416 1516 1458 etiam
1548 1431 1617 1459 uu.
1637 1416 1663 1458 9

134 1492 179 1532 et
211 1491 267 1533 10
302 1491 539 1548 imaginem
575 1506 664 1534 non
699 1492 828 1546 plane
865 1491 1101 1547 perfectam
1142 1490 1361 1534 continere
1404 1492 1666 1548 uiderentur,

135 1561 291 1604 oborta
320 1564 388 1604 est
419 1563 616 1618 suspitio,
647 1562 819 1605 unicam
850 1562 1047 1623 uersibus
1072 1561 1219 1603 9—12
1250 1561 1390 1604 inesse
1415 1563 1663 1619 imaginem,

134 1632 288 1675 leniter
328 1633 452 1675 illam
495 1634 772 1676 obscuratam
816 1633 862 1675 in
905 1632 1051 1675 uerbis
1089 1631 1324 1675 ‘Mercurio
1363 1633 1512 1676 satis':
1560 1649 1664 1677 nam

135 1703 313 1746 alterius
347 1703 537 1746 familiae
569 1703 783 1759 scriptura
816 1703 1133 1759 ‘Mercurioque
1171 1702 1300 1745 satis'
1338 1718 1390 1746 ex
1427 1705 1554 1746 metri
1592 1705 1664 1747 ad-

133 1774 312 1817 iuuandi
343 1774 486 1817 studio
516 1777 631 1817 nata.
673 1777 727 1830 et,
757 1777 806 1818 ut
835 1789 950 1817 nunc
981 1774 1119 1829 uideo,
1150 1773 1238 1815 iam
1263 1773 1317 1815 A.
1335 1773 1509 1817 Palmer
1540 1775 1664 1829 [Her-

134 1845 269 1888 math.
298 1845 320 1887 I
350 1860 392 1901 p.
419 1845 501 1887 171
524 1847 602 1901 sq.]
636 1846 767 1888 simili
798 1845 1130 1888 ratiocinatione
1162 1845 1315 1888 ductus
1347 1845 1662 1889 Burmannum-

135 1931 216 1972 que
247 1931 298 1959 ex
327 1918 451 1972 parte
482 1919 651 1959 secutus
682 1917 911 1973 proposuit
941 1916 1152 1960 ‘Pirithoo
1182 1915 1355 1959 Ossaeis
1386 1916 1552 1959 fertur’.
1589 1918 1664 1962 sed

134 1987 219 2030 hoc
254 1989 322 2030 est
355 1987 487 2030 nimis
523 1989 714 2031 uiolenta
750 1988 906 2031 moliri.
954 2003 1056 2030 nam
1093 1988 1259 2030 minore
1295 1988 1471 2044 negotio
1510 1988 1663 2031 ductus

136 2056 355 2114 ‹mani-ios,
385 2072 493 2113 quos
524 2059 725 2101 librarius
754 2073 843 2102 non
874 2058 1102 2114 expediuit‚
1132 2059 1196 2101 ita
1225 2058 1632 2115 redintegrabimus:

313 2133 418 2178 Sera
446 2136 540 2178 uiro
573 2136 706 2178 sacris
737 2135 874 2178 fertur
903 2135 1146 2179 Boebeidos
1177 2135 1301 2177 undis

377 2204 634 2262 Virgineum
663 2206 804 2261 primo
837 2206 1130 2261 composuisse
1159 2206 1286 2248 latus.

136 2280 191 2325 ad
219 2297 352 2325 unam
382 2282 516 2338 igitur
545 2282 855 2325 Ischomachen
884 2298 954 2326 uu.
987 2283 1134 2325 9—12
1166 2284 1376 2337 spectant.
1426 2298 1534 2338 quae
1565 2298 1662 2326 cum

137 2355 285 2396 exorto
315 2353 505 2395 tumultu
533 2353 719 2409 fugisset
750 2353 804 2395 ad
834 2354 978 2396 uicina
1002 2353 1244 2396 Boebeidos
1275 2354 1448 2410 fluenta,
1478 2355 1541 2397 ibi
1566 2369 1662 2397 cum

136 2422 332 2480 Pirithoo
374 2437 524 2479 pugna
564 2425 687 2467 finita
729 2440 889 2468 nouam
936 2426 1117 2480 nuptam
1167 2428 1397 2481 quaerente
1446 2426 1660 2469 conuenit.

137 2494 309 2551 egregie
341 2497 498 2550 autem,
527 2497 576 2537 ut
603 2497 755 2538 nostra
784 2495 870 2538 fert
900 2496 1059 2551 opinio,
1089 2510 1218 2538 uoces
1251 2511 1359 2552 quae
1391 2486 1491 2539 sunt
1522 2495 1660 2539 ‘sera'

137 2568 183 2607 et
200 2564 372 2621 ‘primo'
391 2565 631 2622 depingunt
648 2565 767 2608 dulce
792 2566 898 2609 illud
917 2566 1187 2620 desiderium,
1205 2581 1289 2622 quo
1314 2567 1490 2610 tandem
1520 2568 1663 2622 puella

138 2650 288 2679 amans
319 2651 416 2679 cum
446 2636 540 2679 uiro
572 2637 735 2679 amanti
770 2639 870 2692 post
899 2640 969 2680 tot
999 2637 1247 2680 discrimina
1277 2638 1483 2680 miscetur
1513 2638 1660 2680 ineun-

136 2709 290 2763 turque
326 2707 512 2749 conubia
549 2706 754 2762 disrupta.
806 2707 987 2751 Pallada
1026 2711 1169 2751 autem
1207 2708 1383 2752 decorae
1419 2708 1660 2751 maiestatis

232 2846 266 2892 ἢ
293 2847 575 2885 Schneidewino
594 2847 775 2884 accedens
788 2848 974 2895 Hauptius
993 2859 1061 2896 pro
1089 2849 1210 2885 ‘satis’
1237 2849 1406 2895 reposuit
1433 2847 1565 2893 ‘talis'‚
1587 2859 1661 2884 non

137 2905 245 2949 bene,
269 2916 353 2941 cum
381 2905 534 2951 ‘qualis’
562 2906 687 2952 potius
712 2917 887 2943 sensuum
911 2918 1027 2943 nexus
1051 2907 1227 2952 requirat.

1324 2966 1376 3002 b*
