1898 3190
654 182 919 219 PROPERTII
943 183 1033 219 LIB.
1059 183 1106 218 ΙΙ.
1131 186 1164 217 6.
1610 179 1667 220 47

257 292 380 336 Felix
410 292 585 335 Admeti
615 293 801 335 ooniu‘nx
833 295 877 334 et
907 292 1043 333 lectus
1074 290 1237 344 Ulixis,

317 363 378 406 Et
406 377 697 420 quaecumque
727 363 812 417 uiri
841 363 1003 405 femina
1031 362 1164 404 limen
1195 363 1325 404 amat.

894 461 917 485 „2

774 520 797 545 *
1011 520 1035 543 »ι

201 599 248 632 25
261 588 445 644 Templa
476 587 715 631 Pudicitiae
745 588 848 643 quid
879 602 989 642 opus
1021 587 1227 630 statuisse
1258 586 1434 641 puellis,

320 657 367 701 Si
397 659 567 715 quoiuis
597 661 758 715 nuptae
789 659 999 714 quossibet
1028 673 1122 701 esse
1152 656 1283 700 licet?

892 756 916 781 *

775 816 799 841 *
1011 816 1035 840 ηε

261 883 382 935 Quae
411 899 563 927 manus
595 884 804 926 obscenas
835 883 1028 938 depinxit
1057 883 1196 938 prima
1227 882 1411 924 tabellas

321 954 381 998 Et
410 955 557 1009 posuit
587 958 706 997 easta
736 955 882 1009 turpia
912 954 1007 995 uisa
1038 954 1186 1007 domo,

259 1025 346 1068 Illa
375 1026 619 1081 puellarum
650 1026 863 1081 ingenuos
894 1025 1087 1080 corrupit
1118 1024 1296 1078 ocellos,

203 1107 249 1139 30
321 1095 634 1152 Nequitiaeque
665 1111 767 1138 suae
797 1096 939 1138 noluit
969 1110 1063 1138 esse
1093 1095 1231 1137 rudes.

261 1167 319 1209 A!
349 1170 512 1223 gemat,
542 1168 589 1209 in
618 1168 744 1209 terris
775 1168 860 1209 ista
892 1167 967 1223 qui
995 1166 1180 1222 protulit
1211 1170 1304 1208 arte

322 1237 457 1293 Orgia
487 1238 567 1280 sub
598 1239 733 1280 tacita
764 1238 939 1280 condita
968 1237 1149 1279 laetitia.

262 1306 364 1351 Non
394 1309 492 1350 istis
524 1309 626 1350 olim
657 1308 888 1351 uariabant
918 1310 1034 1350 tecta
1064 1308 1235 1364 figuris:

321 1379 431 1422 Tum
461 1381 604 1434 paries
635 1380 755 1422 nullo
787 1380 965 1422 crimine
996 1380 1137 1434 pietus
1168 1380 1275 1420 erat.

897 1478 919 1502 *

779 1537 802 1562 *
1015 1537 1038 1561 *

205 1614 251 1647 35
265 1603 348 1647 Sed
378 1619 468 1647 non
498 1604 700 1647 inmerito
731 1605 895 1646 uelauit
924 1618 1082 1646 aranea
1112 1604 1280 1657 fanum,

322 1675 383 1718 Et
412 1675 528 1718 mala
558 1675 750 1718 desertos
782 1677 966 1731 occupat
995 1675 1131 1717 herba
1161 1674 1274 1716 deos.

897 1774 920 1798 *

777 1833 800 1857 *
1014 1833 1037 1857 *

266 1898 383 1950 Quor
411 1901 546 1956 igitur
573 1901 655 1943 tibi
686 1900 884 1943 custodes
913 1915 992 1955 per
1020 1900 1174 1942 limina
1202 1914 1382 1955 ponam,

327 1970 445 2021 Quae
475 1986 712 2027 numquam
743 1987 876 2027 supra
905 1986 982 2026 pes
1013 1971 1212 2013 inimicus
1244 1970 1343 2013 eat?

245 2087 337 2122 Vn.
362 2099 462 2122 neom.
511 2090 557 2123 23
583 2086 723 2122 admeti
742 2097 783 2124 ςε
808 2086 923 2122 ameti
944 2090 970 2121 0
987 2087 1001 2131 fl
1019 2090 1064 2122 24
1089 2086 1161 2122 uiri
1179 2090 1208 2121 P
1232 2098 1278 2122 m.
1298 2090 1344 2123 2:
1368 2086 1438 2122 feri
1457 2090 1483 2121 0
1501 2088 1515 2132 fl
1533 2091 1673 2122 24-42

147 2155 222 2180 nono
240 2149 361 2181 tenore
377 2146 515 2181 exhibet
535 2148 578 2188 0,
603 2145 757 2180 lacunae
780 2146 888 2190 siyna
909 2147 1036 2191 posuit
1055 2145 1324 2181 Lachmannus.
1352 2150 1503 2182 ceterum
1529 2158 1591 2182 uu.
1615 2150 1672 2190 25,

148 2207 196 2239 26
219 2206 254 2238 d
277 2207 417 2239 35-—40
448 2205 498 2240 ad
527 2215 672 2240 carmen
708 2208 865 2247 seaetwn3
902 2208 1043 2239 27-34
1074 2205 1125 2239 ad
1154 2205 1351 2249 proprium
1383 2216 1531 2250 poema,
1569 2207 1675 2241 cuius

149 2262 238 2307 finis
254 2263 425 2307 per-ieri&
450 2266 508 2307 41,
526 2266 572 2298 42
592 2263 642 2298 ad
661 2264 843 2306 lacunam,
867 2275 960 2308 quas
982 2267 1034 2299 est
1056 2265 1100 2299 in
1121 2265 1272 2309 septimo
1295 2265 1393 2299 inter
1415 2276 1479 2300 uu.
1503 2269 1545 2300 12
1564 2268 1598 2300 et
1618 2268 1674 2309 13,

146 2322 369 2367 minuisse
397 2322 574 2357 uidentur
604 2323 768 2366 (ionicum
792 2333 924 2367 poema
952 2326 1062 2367 putat
1091 2323 1403 2368 Heydenreichius
1431 2336 1494 2359 uu.
1522 2328 1567 2359 35
1593 2324 1676 2370 [ubi

153 2378 195 2415 Si
215 2390 292 2416 non
314 2379 489 2415 inmerito
513 2380 657 2426 scribit]
683 2384 717 2416 et
740 2385 785 2416 36
811 2384 896 2416 ante
919 2385 983 2426 27,
1017 2393 1081 2417 uu.
1106 2386 1153 2417 23
1183 2386 1217 2417 et
1240 2387 1288 2417 24
1317 2387 1403 2419 ante
1426 2387 1471 2418 41
1498 2384 1646 2428 positis)
1664 2383 1675 2429 A!

153 2443 201 2475 26
231 2438 378 2484 quoiuis
410 2439 542 2484 scripsi
549 2453 558 2473 ε
596 2439 728 2485 quoius
761 2445 791 2474 Β
823 2440 954 2485 quouis
984 2443 1015 2474 V
1049 2440 1152 2476 cuius
1176 2445 1205 2475 r
1235 2441 1354 2477 cuiuis
1377 2446 1410 2476 11
1448 2445 1454 2486 Ι
1492 2442 1677 2487 quossibet

151 2502 181 2532 Β
199 2500 248 2535 V:
278 2498 441 2534 ‘cuilibet
463 2501 491 2532 P
522 2498 708 2543 quidlibet
730 2501 763 2533 Π
793 2499 962 2544 quolibet
990 2499 1045 2535 ire
1070 2499 1295 2536 Schrader-‘us
1339 2503 1346 2546 Ι
1390 2501 1494 2547 lieet]
1527 2501 1623 2537 libes
1647 2503 1676 2534 1¹

152 2568 198 2593 m.
222 2560 244 2592 1
262 2557 277 2602 Ι
293 2560 340 2592 28
364 2556 461 2602 uisa]
486 2556 587 2592 iussa.
609 2561 640 2590 Β
663 2558 676 2602 Ι
694 2561 739 2593 30
764 2558 886 2594 uoluit
908 2561 937 2592 P
960 2569 1006 2594 m.
1033 2562 1053 2593 1
1072 2560 1087 2604 Ι
1104 2563 1148 2593 31
1174 2559 1234 2594 Ha
1256 2562 1285 2592 F
1309 2559 1369 2594 Ah
1394 2560 1501 2595 ceteri
1521 2560 1528 2606 Ι
1548 2562 1676 2605 gemat

152 2614 195 2651 in
214 2616 381 2652 tenebris
405 2617 497 2652 coni.
518 2615 740 2651 Fonteinius
757 2617 868 2662 (quod
884 2628 1012 2653 uerum
1030 2621 1141 2663 puto,
1165 2619 1277 2660 nimis
1294 2619 1391 2654 nude
1415 2630 1496 2654 cum
1517 2620 1676 2664 positum

153 2674 321 2710 siti-‘usui
344 2675 487 2720 gemat3
513 2675 558 2718 cf.
586 2678 619 2709 et
637 2675 671 2710 II
692 2678 749 2719 18,
769 2677 847 2721 27);
878 2678 1007 2722 gemat
1029 2678 1240 2722 aeternum,
1264 2678 1353 2712 ficta
1377 2677 1557 2713 Heinsius
1578 2678 1583 2724 1
1604 2677 1675 2712 iste

154 2733 281 2778 1132
305 2732 421 2779 Orgia
443 2733 701 2769 Ruhnkenius:
726 2734 852 2780 Iurgia
875 2738 902 2770 0
923 2736 929 2780 f
950 2735 1035 2782 sub]
1062 2736 1126 2771 sed
1150 2737 1210 2782 Pu
1237 2741 1282 2772 34
1307 2737 1443 2782 pietus]
1468 2738 1589 2772 tectus
1613 2740 1640 2770 r
1664 2737 1677 2781 Η

155 2795 200 2828 35
223 2791 412 2828 immerito
435 2797 464 2827 Β
483 2795 514 2826 V
539 2793 612 2828 Sed
635 2805 734 2829 nunc
758 2793 952 2828 emeritum
976 2794 1249 2840 Burmannusfl
1273 2799 1319 2831 36
1345 2795 1443 2831 male
1468 2795 1647 2830 Heinsius
1663 2795 1676 2840 ΙΙ

155 2854 202 2886 37
227 2851 329 2894 Quor
350 2852 499 2896 scripsi:
525 2852 625 2895 Quos
650 2855 676 2886 0
698 2854 704 2896 ι
724 2862 792 2898 per
814 2853 963 2898 scripsi:
988 2856 1133 2898 quaen
1158 2853 1207 2889 ad
1230 2854 1410 2889 Heinsius
1430 2856 1436 2899 Ι
1458 2853 1600 2888 lumina
1617 2856 1646 2886 r
1663 2853 1677 2898 Η

155 2913 202 2945 38
229 2913 324 2965 q=
343 2909 451 2952 Quod
473 2914 519 2955 r,
542 2922 634 2947 corr.
659 2922 727 2956 my.
752 2923 797 2948 m.
823 2914 850 2947 2
