<?xml version="1.0" encoding="UTF-8"?>
<!DOCTYPE html PUBLIC "-//W3C//DTD XHTML 1.0 Transitional//EN"
    "http://www.w3.org/TR/xhtml1/DTD/xhtml1-transitional.dtd">
<html xmlns="http://www.w3.org/1999/xhtml" xml:lang="en" lang="en">
 <head>
  <title>
</title>
<meta http-equiv="Content-Type" content="text/html;charset=utf-8" />
  <meta name='ocr-system' content='tesseract 3.04.00' />
  <meta name='ocr-capabilities' content='ocr_page ocr_carea ocr_par ocr_line ocrx_word'/>
</head>
<body>
  <div class='ocr_page' id='page_1' title='image "./elegiarumlibrir00propuoft_0046.png"; bbox 0 0 1898 3190; ppageno 0'>
   <div class='ocr_carea' id='block_1_1' title="bbox 211 161 1167 198">
    <p class='ocr_par' dir='ltr' id='par_1_1' title="bbox 211 161 1167 198">
     <span class='ocr_line' id='line_1_1' title="bbox 211 161 1167 198; baseline 0.001 -2"><span class='ocrx_word' id='word_1_1' title='bbox 211 161 275 197; x_wconf 89' lang='lat' dir='ltr'>XL</span> <span class='ocrx_word' id='word_1_2' title='bbox 789 161 1123 198; x_wconf 85' lang='lat' dir='ltr'>PROLEGOMEN</span> <span class='ocrx_word' id='word_1_3' title='bbox 1124 162 1167 198; x_wconf 85' lang='lat' dir='ltr'>A.</span> 
     </span>
    </p>
   </div>
   <div class='ocr_carea' id='block_1_2' title="bbox 213 271 1754 1683">
    <p class='ocr_par' dir='ltr' id='par_1_2' title="bbox 213 271 1736 470">
     <span class='ocr_line' id='line_1_2' title="bbox 213 271 1735 327; baseline -0.001 -13"><span class='ocrx_word' id='word_1_4' title='bbox 213 272 275 314; x_wconf 90' lang='lat' dir='ltr'>ita</span> <span class='ocrx_word' id='word_1_5' title='bbox 313 273 454 313; x_wconf 87' lang='lat' dir='ltr'>autem</span> <span class='ocrx_word' id='word_1_6' title='bbox 494 271 582 313; x_wconf 86' lang='lat' dir='ltr'>illis</span> <span class='ocrx_word' id='word_1_7' title='bbox 622 285 714 313; x_wconf 90' lang='lat' dir='ltr'>sum</span> <span class='ocrx_word' id='word_1_8' title='bbox 752 286 855 313; x_wconf 89' lang='lat' dir='ltr'>usus</span> <span class='ocrx_word' id='word_1_9' title='bbox 893 273 942 313; x_wconf 94' lang='lat' dir='ltr'>ut</span> <span class='ocrx_word' id='word_1_10' title='bbox 977 271 1185 327; x_wconf 73' lang='lat' dir='ltr'>neglectis</span> <span class='ocrx_word' id='word_1_11' title='bbox 1223 274 1350 327; x_wconf 86' lang='lat' dir='ltr'>atque</span> <span class='ocrx_word' id='word_1_12' title='bbox 1389 271 1567 314; x_wconf 90' lang='lat' dir='ltr'>abiectis</span> <span class='ocrx_word' id='word_1_13' title='bbox 1611 271 1735 314; x_wconf 86' lang='lat' dir='ltr'>falsis</span> 
     </span>
     <span class='ocr_line' id='line_1_3' title="bbox 214 342 1736 399; baseline -0.001 -14"><span class='ocrx_word' id='word_1_14' title='bbox 214 343 446 399; x_wconf 90' lang='lat' dir='ltr'>prauisque</span> <span class='ocrx_word' id='word_1_15' title='bbox 478 342 732 384; x_wconf 89' lang='lat' dir='ltr'>commentis</span> <span class='ocrx_word' id='word_1_16' title='bbox 767 342 1029 397; x_wconf 88' lang='lat' dir='ltr'>adponerem</span> <span class='ocrx_word' id='word_1_17' title='bbox 1053 343 1100 384; x_wconf 89' lang='lat' dir='ltr'>in</span> <span class='ocrx_word' id='word_1_18' title='bbox 1123 342 1239 387; x_wconf 89' lang='lat' dir='ltr'>notis</span> <span class='ocrx_word' id='word_1_19' title='bbox 1265 343 1424 386; x_wconf 88' lang='lat' dir='ltr'>criticis</span> <span class='ocrx_word' id='word_1_20' title='bbox 1449 356 1736 399; x_wconf 87' lang='lat' dir='ltr'>quaecumque</span> 
     </span>
     <span class='ocr_line' id='line_1_4' title="bbox 215 399 1614 470; baseline -0.001 -14"><span class='ocrx_word' id='word_1_21' title='bbox 215 415 325 456; x_wconf 90' lang='lat' dir='ltr'>bene</span> <span class='ocrx_word' id='word_1_22' title='bbox 357 413 602 470; x_wconf 85' lang='lat' dir='ltr'>excogitata</span> <span class='ocrx_word' id='word_1_23' title='bbox 633 416 710 456; x_wconf 89' lang='lat' dir='ltr'>aut</span> <span class='ocrx_word' id='word_1_24' title='bbox 741 416 854 456; x_wconf 87' lang='lat' dir='ltr'>certe</span> <span class='ocrx_word' id='word_1_25' title='bbox 885 414 1103 456; x_wconf 72' lang='lat' dir='ltr'>mentione</span> <span class='ocrx_word' id='word_1_26' title='bbox 1135 413 1268 470; x_wconf 83' lang='lat' dir='ltr'>digna</span> <span class='ocrx_word' id='word_1_27' title='bbox 1299 416 1456 456; x_wconf 88' lang='lat' dir='ltr'>essent.</span> <span class='ocrx_word' id='word_1_28' title='bbox 1609 399 1614 404; x_wconf 34' lang='lat'><strong><em>¹</em></strong></span> 
     </span>
    </p>

    <p class='ocr_par' dir='ltr' id='par_1_3' title="bbox 217 484 1754 1683">
     <span class='ocr_line' id='line_1_5' title="bbox 334 484 1740 540; baseline -0.001 -13"><span class='ocrx_word' id='word_1_29' title='bbox 334 485 429 527; x_wconf 92' lang='lat' dir='ltr'>Iam</span> <span class='ocrx_word' id='word_1_30' title='bbox 466 487 515 526; x_wconf 93' lang='lat' dir='ltr'>ut</span> <span class='ocrx_word' id='word_1_31' title='bbox 553 484 603 527; x_wconf 90' lang='lat' dir='ltr'>de</span> <span class='ocrx_word' id='word_1_32' title='bbox 644 485 750 527; x_wconf 88' lang='lat' dir='ltr'>meis</span> <span class='ocrx_word' id='word_1_33' title='bbox 793 484 946 527; x_wconf 89' lang='lat' dir='ltr'>studiis</span> <span class='ocrx_word' id='word_1_34' title='bbox 982 499 1119 540; x_wconf 89' lang='lat' dir='ltr'>pauca</span> <span class='ocrx_word' id='word_1_35' title='bbox 1158 484 1359 540; x_wconf 92' lang='lat' dir='ltr'>adiciam,</span> <span class='ocrx_word' id='word_1_36' title='bbox 1396 484 1620 527; x_wconf 82' lang='lat' dir='ltr'>duodecim</span> <span class='ocrx_word' id='word_1_37' title='bbox 1649 484 1740 526; x_wconf 86' lang='lat' dir='ltr'>fere</span> 
     </span>
     <span class='ocr_line' id='line_1_6' title="bbox 217 555 1740 612; baseline -0.001 -13"><span class='ocrx_word' id='word_1_38' title='bbox 217 557 318 599; x_wconf 88' lang='lat' dir='ltr'>anni</span> <span class='ocrx_word' id='word_1_39' title='bbox 346 559 458 612; x_wconf 90' lang='lat' dir='ltr'>sunt,</span> <span class='ocrx_word' id='word_1_40' title='bbox 489 570 541 598; x_wconf 91' lang='lat' dir='ltr'>ex</span> <span class='ocrx_word' id='word_1_41' title='bbox 572 571 656 611; x_wconf 91' lang='lat' dir='ltr'>quo</span> <span class='ocrx_word' id='word_1_42' title='bbox 689 571 784 598; x_wconf 90' lang='lat' dir='ltr'>cum</span> <span class='ocrx_word' id='word_1_43' title='bbox 821 556 903 598; x_wconf 92' lang='lat' dir='ltr'>hoc</span> <span class='ocrx_word' id='word_1_44' title='bbox 934 559 1063 612; x_wconf 90' lang='lat' dir='ltr'>poeta</span> <span class='ocrx_word' id='word_1_45' title='bbox 1093 556 1263 598; x_wconf 85' lang='lat' dir='ltr'>firmam</span> <span class='ocrx_word' id='word_1_46' title='bbox 1294 555 1488 598; x_wconf 74' lang='lat' dir='ltr'>contraxi</span> <span class='ocrx_word' id='word_1_47' title='bbox 1517 555 1740 598; x_wconf 88' lang='lat' dir='ltr'>familiari-</span> 
     </span>
     <span class='ocr_line' id='line_1_7' title="bbox 217 626 1742 671; baseline -0.001 -1"><span class='ocrx_word' id='word_1_48' title='bbox 217 631 365 671; x_wconf 85' lang='lat' dir='ltr'>tatem.</span> <span class='ocrx_word' id='word_1_49' title='bbox 415 628 535 670; x_wconf 89' lang='lat' dir='ltr'>cuius</span> <span class='ocrx_word' id='word_1_50' title='bbox 571 627 735 670; x_wconf 89' lang='lat' dir='ltr'>fructus</span> <span class='ocrx_word' id='word_1_51' title='bbox 773 628 971 670; x_wconf 84' lang='lat' dir='ltr'>nonnulli</span> <span class='ocrx_word' id='word_1_52' title='bbox 1007 642 1103 670; x_wconf 91' lang='lat' dir='ltr'>cum</span> <span class='ocrx_word' id='word_1_53' title='bbox 1141 627 1227 669; x_wconf 92' lang='lat' dir='ltr'>iam</span> <span class='ocrx_word' id='word_1_54' title='bbox 1265 642 1301 670; x_wconf 90' lang='lat' dir='ltr'>a.</span> <span class='ocrx_word' id='word_1_55' title='bbox 1325 627 1438 670; x_wconf 82' lang='lat'>1870</span> <span class='ocrx_word' id='word_1_56' title='bbox 1468 627 1514 669; x_wconf 88' lang='lat' dir='ltr'>in</span> <span class='ocrx_word' id='word_1_57' title='bbox 1543 626 1742 669; x_wconf 89' lang='lat' dir='ltr'>Muelleri</span> 
     </span>
     <span class='ocr_line' id='line_1_8' title="bbox 220 698 1743 763; baseline -0.001 -22"><span class='ocrx_word' id='word_1_58' title='bbox 220 699 407 741; x_wconf 83' lang='lat' dir='ltr'>editione</span> <span class='ocrx_word' id='word_1_59' title='bbox 438 699 693 755; x_wconf 82' lang='lat' dir='ltr'>prodierint,</span> <span class='ocrx_word' id='word_1_60' title='bbox 728 700 857 755; x_wconf 82' lang='lat' dir='ltr'>longe</span> <span class='ocrx_word' id='word_1_61' title='bbox 893 699 1039 754; x_wconf 88' lang='lat' dir='ltr'>plures</span> <span class='ocrx_word' id='word_1_62' title='bbox 1078 699 1382 754; x_wconf 81' lang='lat' dir='ltr'>uberioresque</span> <span class='ocrx_word' id='word_1_63' title='bbox 1411 698 1611 763; x_wconf 62' lang='lat' dir='ltr'>maxime·</span> <span class='ocrx_word' id='word_1_64' title='bbox 1627 698 1743 740; x_wconf 84' lang='lat' dir='ltr'>intra</span> 
     </span>
     <span class='ocr_line' id='line_1_9' title="bbox 220 769 1742 827; baseline -0.001 -14"><span class='ocrx_word' id='word_1_65' title='bbox 220 786 256 813; x_wconf 93' lang='lat' dir='ltr'>a.</span> <span class='ocrx_word' id='word_1_66' title='bbox 292 771 524 813; x_wconf 82' lang='lat'>1873—76</span> <span class='ocrx_word' id='word_1_67' title='bbox 563 771 766 813; x_wconf 90' lang='lat' dir='ltr'>collectos</span> <span class='ocrx_word' id='word_1_68' title='bbox 807 769 974 826; x_wconf 83' lang='lat' dir='ltr'>(paucis</span> <span class='ocrx_word' id='word_1_69' title='bbox 1016 785 1124 827; x_wconf 92' lang='lat' dir='ltr'>quae</span> <span class='ocrx_word' id='word_1_70' title='bbox 1166 771 1392 813; x_wconf 90' lang='lat' dir='ltr'>meliorum</span> <span class='ocrx_word' id='word_1_71' title='bbox 1428 770 1638 812; x_wconf 86' lang='lat' dir='ltr'>librorum</span> <span class='ocrx_word' id='word_1_72' title='bbox 1667 784 1742 812; x_wconf 92' lang='lat' dir='ltr'>no-</span> 
     </span>
     <span class='ocr_line' id='line_1_10' title="bbox 219 839 1745 898; baseline -0.001 -14"><span class='ocrx_word' id='word_1_73' title='bbox 219 842 319 884; x_wconf 90' lang='lat' dir='ltr'>titia</span> <span class='ocrx_word' id='word_1_74' title='bbox 356 845 509 897; x_wconf 90' lang='lat' dir='ltr'>postea</span> <span class='ocrx_word' id='word_1_75' title='bbox 547 841 840 897; x_wconf 88' lang='lat' dir='ltr'>suppeditauit</span> <span class='ocrx_word' id='word_1_76' title='bbox 878 839 1074 898; x_wconf 89' lang='lat' dir='ltr'>adiectis)</span> <span class='ocrx_word' id='word_1_77' title='bbox 1105 842 1196 897; x_wconf 89' lang='lat' dir='ltr'>ipse</span> <span class='ocrx_word' id='word_1_78' title='bbox 1228 841 1340 884; x_wconf 87' lang='lat' dir='ltr'>edidi</span> <span class='ocrx_word' id='word_1_79' title='bbox 1370 840 1745 884; x_wconf 87' lang='lat' dir='ltr'>Miscellaneorum</span> 
     </span>
     <span class='ocr_line' id='line_1_11' title="bbox 220 911 1745 969; baseline -0.001 -13"><span class='ocrx_word' id='word_1_80' title='bbox 220 912 478 956; x_wconf 78' lang='lat' dir='ltr'>Griticorum</span> <span class='ocrx_word' id='word_1_81' title='bbox 517 912 782 969; x_wconf 81' lang='lat' dir='ltr'>(Groningae</span> <span class='ocrx_word' id='word_1_82' title='bbox 817 911 949 968; x_wconf 80' lang='lat'>1878&gt;</span> <span class='ocrx_word' id='word_1_83' title='bbox 980 928 1050 968; x_wconf 90' lang='lat' dir='ltr'>pp.</span> <span class='ocrx_word' id='word_1_84' title='bbox 1076 913 1302 955; x_wconf 84' lang='lat'>73—106.</span> <span class='ocrx_word' id='word_1_85' title='bbox 1361 927 1519 955; x_wconf 89' lang='lat' dir='ltr'>nouam</span> <span class='ocrx_word' id='word_1_86' title='bbox 1548 911 1745 967; x_wconf 60' lang='lat' dir='ltr'>denique</span> 
     </span>
     <span class='ocr_line' id='line_1_12' title="bbox 220 983 1747 1041; baseline -0.001 -14"><span class='ocrx_word' id='word_1_87' title='bbox 220 987 410 1041; x_wconf 86' lang='lat' dir='ltr'>segetem</span> <span class='ocrx_word' id='word_1_88' title='bbox 442 999 572 1040; x_wconf 89' lang='lat' dir='ltr'>opera</span> <span class='ocrx_word' id='word_1_89' title='bbox 596 984 664 1027; x_wconf 91' lang='lat' dir='ltr'>his</span> <span class='ocrx_word' id='word_1_90' title='bbox 696 984 861 1026; x_wconf 90' lang='lat' dir='ltr'>ultimis</span> <span class='ocrx_word' id='word_1_91' title='bbox 895 985 1020 1027; x_wconf 89' lang='lat' dir='ltr'>annis</span> <span class='ocrx_word' id='word_1_92' title='bbox 1052 985 1098 1026; x_wconf 89' lang='lat' dir='ltr'>in</span> <span class='ocrx_word' id='word_1_93' title='bbox 1130 984 1352 1039; x_wconf 88' lang='lat' dir='ltr'>Propertio</span> <span class='ocrx_word' id='word_1_94' title='bbox 1383 983 1528 1039; x_wconf 89' lang='lat' dir='ltr'>posita</span> <span class='ocrx_word' id='word_1_95' title='bbox 1552 983 1747 1039; x_wconf 78' lang='lat' dir='ltr'>protulit,</span> 
     </span>
     <span class='ocr_line' id='line_1_13' title="bbox 221 1054 1747 1112; baseline -0.001 -13"><span class='ocrx_word' id='word_1_96' title='bbox 221 1072 318 1100; x_wconf 91' lang='lat' dir='ltr'>cum</span> <span class='ocrx_word' id='word_1_97' title='bbox 354 1056 609 1112; x_wconf 84' lang='lat' dir='ltr'>praesertim</span> <span class='ocrx_word' id='word_1_98' title='bbox 641 1056 822 1098; x_wconf 88' lang='lat' dir='ltr'>feliciter</span> <span class='ocrx_word' id='word_1_99' title='bbox 861 1056 968 1097; x_wconf 87' lang='lat' dir='ltr'>mihi</span> <span class='ocrx_word' id='word_1_100' title='bbox 1006 1056 1175 1098; x_wconf 87' lang='lat' dir='ltr'>cederet</span> <span class='ocrx_word' id='word_1_101' title='bbox 1211 1070 1262 1098; x_wconf 89' lang='lat' dir='ltr'>ea</span> <span class='ocrx_word' id='word_1_102' title='bbox 1298 1070 1386 1111; x_wconf 87' lang='lat' dir='ltr'>res,</span> <span class='ocrx_word' id='word_1_103' title='bbox 1422 1055 1468 1097; x_wconf 89' lang='lat' dir='ltr'>in</span> <span class='ocrx_word' id='word_1_104' title='bbox 1507 1069 1634 1110; x_wconf 89' lang='lat' dir='ltr'>quam</span> <span class='ocrx_word' id='word_1_105' title='bbox 1672 1054 1747 1096; x_wconf 91' lang='lat' dir='ltr'>ubi</span> 
     </span>
     <span class='ocr_line' id='line_1_14' title="bbox 222 1125 1746 1181; baseline -0.002 -11"><span class='ocrx_word' id='word_1_106' title='bbox 222 1129 414 1171; x_wconf 88' lang='lat' dir='ltr'>omnium</span> <span class='ocrx_word' id='word_1_107' title='bbox 446 1128 631 1170; x_wconf 85' lang='lat' dir='ltr'>maxime</span> <span class='ocrx_word' id='word_1_108' title='bbox 663 1128 952 1170; x_wconf 87' lang='lat' dir='ltr'>necessariam</span> <span class='ocrx_word' id='word_1_109' title='bbox 983 1141 1076 1169; x_wconf 87' lang='lat' dir='ltr'>esse</span> <span class='ocrx_word' id='word_1_110' title='bbox 1107 1127 1300 1169; x_wconf 85' lang='lat' dir='ltr'>intellexi</span> <span class='ocrx_word' id='word_1_111' title='bbox 1332 1141 1498 1169; x_wconf 91' lang='lat' dir='ltr'>summo</span> <span class='ocrx_word' id='word_1_112' title='bbox 1531 1140 1660 1181; x_wconf 87' lang='lat' dir='ltr'>opere</span> <span class='ocrx_word' id='word_1_113' title='bbox 1685 1125 1746 1167; x_wconf 85' lang='lat' dir='ltr'>in-</span> 
     </span>
     <span class='ocr_line' id='line_1_15' title="bbox 222 1197 1749 1255; baseline -0.002 -13"><span class='ocrx_word' id='word_1_114' title='bbox 222 1200 369 1255; x_wconf 90' lang='lat' dir='ltr'>cubui,</span> <span class='ocrx_word' id='word_1_115' title='bbox 420 1199 583 1241; x_wconf 89' lang='lat' dir='ltr'>scilicet</span> <span class='ocrx_word' id='word_1_116' title='bbox 627 1198 908 1254; x_wconf 88' lang='lat' dir='ltr'>inuestigatio</span> <span class='ocrx_word' id='word_1_117' title='bbox 949 1198 1143 1241; x_wconf 88' lang='lat' dir='ltr'>codicum</span> <span class='ocrx_word' id='word_1_118' title='bbox 1186 1199 1411 1241; x_wconf 89' lang='lat' dir='ltr'>bonorum.</span> <span class='ocrx_word' id='word_1_119' title='bbox 1466 1197 1621 1253; x_wconf 88' lang='lat' dir='ltr'>quibus</span> <span class='ocrx_word' id='word_1_120' title='bbox 1660 1198 1749 1238; x_wconf 89' lang='lat' dir='ltr'>stu-</span> 
     </span>
     <span class='ocr_line' id='line_1_16' title="bbox 223 1267 1752 1325; baseline -0.001 -13"><span class='ocrx_word' id='word_1_121' title='bbox 223 1271 306 1313; x_wconf 83' lang='lat' dir='ltr'>diis</span> <span class='ocrx_word' id='word_1_122' title='bbox 332 1271 368 1312; x_wconf 90' lang='lat' dir='ltr'>si</span> <span class='ocrx_word' id='word_1_123' title='bbox 407 1270 582 1312; x_wconf 88' lang='lat' dir='ltr'>arbitris</span> <span class='ocrx_word' id='word_1_124' title='bbox 619 1270 972 1325; x_wconf 85' lang='lat' dir='ltr'>intellegentibus</span> <span class='ocrx_word' id='word_1_125' title='bbox 1011 1269 1242 1325; x_wconf 83' lang='lat' dir='ltr'>aequisque</span> <span class='ocrx_word' id='word_1_126' title='bbox 1272 1269 1316 1311; x_wconf 88' lang='lat' dir='ltr'>id</span> <span class='ocrx_word' id='word_1_127' title='bbox 1351 1268 1542 1311; x_wconf 87' lang='lat' dir='ltr'>effecisse</span> <span class='ocrx_word' id='word_1_128' title='bbox 1573 1267 1752 1310; x_wconf 90' lang='lat' dir='ltr'>uidebor</span> 
     </span>
     <span class='ocr_line' id='line_1_17' title="bbox 222 1338 1750 1397; baseline -0.002 -14"><span class='ocrx_word' id='word_1_129' title='bbox 222 1344 272 1383; x_wconf 90' lang='lat' dir='ltr'>ut</span> <span class='ocrx_word' id='word_1_130' title='bbox 303 1341 465 1384; x_wconf 90' lang='lat' dir='ltr'>solidus</span> <span class='ocrx_word' id='word_1_131' title='bbox 498 1343 734 1397; x_wconf 87' lang='lat' dir='ltr'>apparatus</span> <span class='ocrx_word' id='word_1_132' title='bbox 766 1341 937 1384; x_wconf 89' lang='lat' dir='ltr'>criticus</span> <span class='ocrx_word' id='word_1_133' title='bbox 970 1356 1082 1383; x_wconf 92' lang='lat' dir='ltr'>nunc</span> <span class='ocrx_word' id='word_1_134' title='bbox 1107 1341 1279 1383; x_wconf 90' lang='lat' dir='ltr'>tandem</span> <span class='ocrx_word' id='word_1_135' title='bbox 1312 1340 1437 1396; x_wconf 90' lang='lat' dir='ltr'>adsit,</span> <span class='ocrx_word' id='word_1_136' title='bbox 1467 1341 1515 1382; x_wconf 91' lang='lat' dir='ltr'>ut</span> <span class='ocrx_word' id='word_1_137' title='bbox 1546 1338 1750 1382; x_wconf 89' lang='lat' dir='ltr'>adhibitis</span> 
     </span>
     <span class='ocr_line' id='line_1_18' title="bbox 223 1409 1751 1468; baseline -0.001 -14"><span class='ocrx_word' id='word_1_138' title='bbox 223 1413 457 1468; x_wconf 88' lang='lat' dir='ltr'>prudenter</span> <span class='ocrx_word' id='word_1_139' title='bbox 493 1413 686 1467; x_wconf 89' lang='lat' dir='ltr'>priorum</span> <span class='ocrx_word' id='word_1_140' title='bbox 723 1412 858 1467; x_wconf 88' lang='lat' dir='ltr'>copiis</span> <span class='ocrx_word' id='word_1_141' title='bbox 895 1427 1074 1468; x_wconf 90' lang='lat' dir='ltr'>meaque</span> <span class='ocrx_word' id='word_1_142' title='bbox 1111 1412 1246 1467; x_wconf 86' lang='lat' dir='ltr'>ipsius</span> <span class='ocrx_word' id='word_1_143' title='bbox 1285 1426 1416 1466; x_wconf 89' lang='lat' dir='ltr'>opera</span> <span class='ocrx_word' id='word_1_144' title='bbox 1450 1413 1618 1453; x_wconf 87' lang='lat' dir='ltr'>textum</span> <span class='ocrx_word' id='word_1_145' title='bbox 1649 1409 1751 1452; x_wconf 90' lang='lat' dir='ltr'>Pro-</span> 
     </span>
     <span class='ocr_line' id='line_1_19' title="bbox 223 1481 1752 1540; baseline -0.003 -13"><span class='ocrx_word' id='word_1_146' title='bbox 223 1485 350 1540; x_wconf 90' lang='lat' dir='ltr'>pertii</span> <span class='ocrx_word' id='word_1_147' title='bbox 390 1485 426 1527; x_wconf 89' lang='lat' dir='ltr'>si</span> <span class='ocrx_word' id='word_1_148' title='bbox 463 1499 552 1526; x_wconf 92' lang='lat' dir='ltr'>non</span> <span class='ocrx_word' id='word_1_149' title='bbox 591 1484 822 1540; x_wconf 86' lang='lat' dir='ltr'>genuinum</span> <span class='ocrx_word' id='word_1_150' title='bbox 866 1484 1025 1540; x_wconf 89' lang='lat' dir='ltr'>ubique</span> <span class='ocrx_word' id='word_1_151' title='bbox 1070 1482 1172 1540; x_wconf 87' lang='lat' dir='ltr'>(hoc</span> <span class='ocrx_word' id='word_1_152' title='bbox 1208 1483 1322 1525; x_wconf 90' lang='lat' dir='ltr'>enim</span> <span class='ocrx_word' id='word_1_153' title='bbox 1362 1483 1416 1524; x_wconf 91' lang='lat' dir='ltr'>ab</span> <span class='ocrx_word' id='word_1_154' title='bbox 1454 1497 1540 1525; x_wconf 89' lang='lat' dir='ltr'>uno</span> <span class='ocrx_word' id='word_1_155' title='bbox 1577 1481 1752 1524; x_wconf 85' lang='lat' dir='ltr'>homine</span> 
     </span>
     <span class='ocr_line' id='line_1_20' title="bbox 224 1552 1754 1612; baseline -0.003 -14"><span class='ocrx_word' id='word_1_156' title='bbox 224 1556 423 1612; x_wconf 83' lang='lat' dir='ltr'>flagitare</span> <span class='ocrx_word' id='word_1_157' title='bbox 459 1556 668 1598; x_wconf 88' lang='lat' dir='ltr'>iniustum</span> <span class='ocrx_word' id='word_1_158' title='bbox 706 1558 772 1598; x_wconf 90' lang='lat' dir='ltr'>est</span> <span class='ocrx_word' id='word_1_159' title='bbox 808 1570 1042 1610; x_wconf 88' lang='lat' dir='ltr'>uereorque</span> <span class='ocrx_word' id='word_1_160' title='bbox 1084 1557 1133 1598; x_wconf 93' lang='lat' dir='ltr'>ut</span> <span class='ocrx_word' id='word_1_161' title='bbox 1169 1554 1259 1597; x_wconf 87' lang='lat' dir='ltr'>ulla</span> <span class='ocrx_word' id='word_1_162' title='bbox 1295 1569 1501 1609; x_wconf 89' lang='lat' dir='ltr'>umquam</span> <span class='ocrx_word' id='word_1_163' title='bbox 1539 1555 1658 1595; x_wconf 85' lang='lat' dir='ltr'>aetas</span> <span class='ocrx_word' id='word_1_164' title='bbox 1696 1552 1754 1594; x_wconf 88' lang='lat' dir='ltr'>sit</span> 
     </span>
     <span class='ocr_line' id='line_1_21' title="bbox 224 1623 1752 1683; baseline -0.003 -13"><span class='ocrx_word' id='word_1_165' title='bbox 224 1626 392 1683; x_wconf 87' lang='lat' dir='ltr'>uisura)</span> <span class='ocrx_word' id='word_1_166' title='bbox 432 1629 478 1669; x_wconf 89' lang='lat' dir='ltr'>at</span> <span class='ocrx_word' id='word_1_167' title='bbox 513 1642 603 1669; x_wconf 91' lang='lat' dir='ltr'>non</span> <span class='ocrx_word' id='word_1_168' title='bbox 645 1626 869 1683; x_wconf 87' lang='lat' dir='ltr'>indignum</span> <span class='ocrx_word' id='word_1_169' title='bbox 908 1628 1038 1681; x_wconf 91' lang='lat' dir='ltr'>poeta</span> <span class='ocrx_word' id='word_1_170' title='bbox 1080 1625 1342 1668; x_wconf 86' lang='lat' dir='ltr'>restituerim</span> <span class='ocrx_word' id='word_1_171' title='bbox 1384 1623 1752 1667; x_wconf 88' lang='lat' dir='ltr'>restituendumue</span> 
     </span>
    </p>
   </div>
   <div class='ocr_carea' id='block_1_3' title="bbox 225 1695 1753 1812">
    <p class='ocr_par' dir='ltr' id='par_1_4' title="bbox 225 1695 1753 1812">
     <span class='ocr_line' id='line_1_22' title="bbox 225 1695 1753 1754; baseline -0.003 -13"><span class='ocrx_word' id='word_1_172' title='bbox 225 1699 271 1741; x_wconf 89' lang='lat' dir='ltr'>in</span> <span class='ocrx_word' id='word_1_173' title='bbox 307 1698 423 1741; x_wconf 90' lang='lat' dir='ltr'>notis</span> <span class='ocrx_word' id='word_1_174' title='bbox 460 1698 778 1754; x_wconf 88' lang='lat' dir='ltr'>proposuerim,</span> <span class='ocrx_word' id='word_1_175' title='bbox 815 1698 1055 1753; x_wconf 85' lang='lat' dir='ltr'>praemium</span> <span class='ocrx_word' id='word_1_176' title='bbox 1097 1697 1295 1740; x_wconf 89' lang='lat' dir='ltr'>laborum</span> <span class='ocrx_word' id='word_1_177' title='bbox 1336 1698 1404 1738; x_wconf 88' lang='lat' dir='ltr'>sat</span> <span class='ocrx_word' id='word_1_178' title='bbox 1446 1695 1636 1751; x_wconf 85' lang='lat' dir='ltr'>amplum</span> <span class='ocrx_word' id='word_1_179' title='bbox 1672 1695 1753 1736; x_wconf 86' lang='lat' dir='ltr'>ret-</span> 
     </span>
     <span class='ocr_line' id='line_1_23' title="bbox 226 1770 378 1812; baseline 0 0"><span class='ocrx_word' id='word_1_180' title='bbox 226 1770 378 1812; x_wconf 90' lang='lat' dir='ltr'>tulero.</span> 
     </span>
    </p>
   </div>
   <div class='ocr_carea' id='block_1_4' title="bbox 230 2003 1756 2346">
    <p class='ocr_par' dir='ltr' id='par_1_5' title="bbox 230 2003 1756 2277">
     <span class='ocr_line' id='line_1_24' title="bbox 348 2003 1755 2063; baseline -0.004 -13"><span class='ocrx_word' id='word_1_181' title='bbox 348 2008 624 2050; x_wconf 87' lang='lat' dir='ltr'>Mirabuntur</span> <span class='ocrx_word' id='word_1_182' title='bbox 655 2007 794 2063; x_wconf 91' lang='lat' dir='ltr'>multi,</span> <span class='ocrx_word' id='word_1_183' title='bbox 825 2007 870 2049; x_wconf 92' lang='lat' dir='ltr'>in</span> <span class='ocrx_word' id='word_1_184' title='bbox 895 2007 976 2049; x_wconf 89' lang='lat' dir='ltr'>hac</span> <span class='ocrx_word' id='word_1_185' title='bbox 1002 2006 1189 2048; x_wconf 85' lang='lat' dir='ltr'>editione</span> <span class='ocrx_word' id='word_1_186' title='bbox 1215 2005 1429 2060; x_wconf 89' lang='lat' dir='ltr'>Propertii</span> <span class='ocrx_word' id='word_1_187' title='bbox 1453 2003 1644 2047; x_wconf 90' lang='lat' dir='ltr'>carmina</span> <span class='ocrx_word' id='word_1_188' title='bbox 1669 2018 1755 2046; x_wconf 91' lang='lat' dir='ltr'>non</span> 
     </span>
     <span class='ocr_line' id='line_1_25' title="bbox 231 2074 1756 2133; baseline -0.004 -11"><span class='ocrx_word' id='word_1_189' title='bbox 231 2095 279 2122; x_wconf 92' lang='lat' dir='ltr'>eo</span> <span class='ocrx_word' id='word_1_190' title='bbox 317 2079 526 2122; x_wconf 90' lang='lat' dir='ltr'>librorum</span> <span class='ocrx_word' id='word_1_191' title='bbox 563 2093 740 2121; x_wconf 91' lang='lat' dir='ltr'>numero</span> <span class='ocrx_word' id='word_1_192' title='bbox 788 2078 996 2133; x_wconf 89' lang='lat' dir='ltr'>discripta</span> <span class='ocrx_word' id='word_1_193' title='bbox 1039 2077 1249 2131; x_wconf 83' lang='lat' dir='ltr'>exhiberi,</span> <span class='ocrx_word' id='word_1_194' title='bbox 1294 2076 1366 2130; x_wconf 89' lang='lat' dir='ltr'>qui</span> <span class='ocrx_word' id='word_1_195' title='bbox 1409 2075 1506 2117; x_wconf 86' lang='lat' dir='ltr'>inde</span> <span class='ocrx_word' id='word_1_196' title='bbox 1550 2090 1576 2117; x_wconf 92' lang='lat' dir='ltr'>a</span> <span class='ocrx_word' id='word_1_197' title='bbox 1618 2074 1756 2117; x_wconf 86' lang='lat' dir='ltr'>Lach-</span> 
     </span>
     <span class='ocr_line' id='line_1_26' title="bbox 230 2146 1756 2204; baseline -0.004 -11"><span class='ocrx_word' id='word_1_198' title='bbox 230 2165 388 2193; x_wconf 91' lang='lat' dir='ltr'>manno</span> <span class='ocrx_word' id='word_1_199' title='bbox 422 2150 623 2204; x_wconf 88' lang='lat' dir='ltr'>optinuit.</span> <span class='ocrx_word' id='word_1_200' title='bbox 674 2152 718 2192; x_wconf 93' lang='lat' dir='ltr'>et</span> <span class='ocrx_word' id='word_1_201' title='bbox 749 2149 902 2191; x_wconf 89' lang='lat' dir='ltr'>debere</span> <span class='ocrx_word' id='word_1_202' title='bbox 934 2164 1002 2191; x_wconf 90' lang='lat' dir='ltr'>me</span> <span class='ocrx_word' id='word_1_203' title='bbox 1035 2148 1172 2190; x_wconf 90' lang='lat' dir='ltr'>sentio</span> <span class='ocrx_word' id='word_1_204' title='bbox 1197 2147 1364 2190; x_wconf 89' lang='lat' dir='ltr'>nomini</span> <span class='ocrx_word' id='word_1_205' title='bbox 1389 2146 1756 2202; x_wconf 86' lang='lat' dir='ltr'>Lachmanniano,</span> 
     </span>
     <span class='ocr_line' id='line_1_27' title="bbox 233 2217 1755 2277; baseline -0.003 -13"><span class='ocrx_word' id='word_1_206' title='bbox 233 2225 282 2265; x_wconf 92' lang='lat' dir='ltr'>ut</span> <span class='ocrx_word' id='word_1_207' title='bbox 313 2222 468 2277; x_wconf 90' lang='lat' dir='ltr'>quibus</span> <span class='ocrx_word' id='word_1_208' title='bbox 496 2221 637 2263; x_wconf 87' lang='lat' dir='ltr'>causis</span> <span class='ocrx_word' id='word_1_209' title='bbox 665 2221 719 2263; x_wconf 91' lang='lat' dir='ltr'>ab</span> <span class='ocrx_word' id='word_1_210' title='bbox 747 2221 838 2262; x_wconf 90' lang='lat' dir='ltr'>eius</span> <span class='ocrx_word' id='word_1_211' title='bbox 863 2220 1036 2275; x_wconf 89' lang='lat' dir='ltr'>placitis</span> <span class='ocrx_word' id='word_1_212' title='bbox 1062 2218 1310 2261; x_wconf 88' lang='lat' dir='ltr'>recesserim</span> <span class='ocrx_word' id='word_1_213' title='bbox 1336 2217 1542 2272; x_wconf 86' lang='lat' dir='ltr'>explicem</span> <span class='ocrx_word' id='word_1_214' title='bbox 1569 2217 1755 2260; x_wconf 86' lang='lat' dir='ltr'>uberius.</span> 
     </span>
    </p>

    <p class='ocr_par' dir='ltr' id='par_1_6' title="bbox 351 2288 1754 2346">
     <span class='ocr_line' id='line_1_28' title="bbox 351 2288 1754 2346; baseline -0.004 -11"><span class='ocrx_word' id='word_1_215' title='bbox 351 2291 460 2336; x_wconf 87' lang='lat' dir='ltr'>Cum</span> <span class='ocrx_word' id='word_1_216' title='bbox 496 2293 542 2334; x_wconf 91' lang='lat' dir='ltr'>in</span> <span class='ocrx_word' id='word_1_217' title='bbox 578 2292 679 2334; x_wconf 91' lang='lat' dir='ltr'>libri</span> <span class='ocrx_word' id='word_1_218' title='bbox 715 2290 759 2333; x_wconf 96' lang='lat' dir='ltr'>II</span> <span class='ocrx_word' id='word_1_219' title='bbox 790 2291 929 2346; x_wconf 85' lang='lat' dir='ltr'>elegia</span> <span class='ocrx_word' id='word_1_220' title='bbox 964 2291 1016 2332; x_wconf 90' lang='lat'>13</span> <span class='ocrx_word' id='word_1_221' title='bbox 1048 2290 1154 2332; x_wconf 89' lang='lat' dir='ltr'>haec</span> <span class='ocrx_word' id='word_1_222' title='bbox 1186 2304 1254 2331; x_wconf 90' lang='lat' dir='ltr'>uu.</span> <span class='ocrx_word' id='word_1_223' title='bbox 1287 2288 1344 2331; x_wconf 80' lang='lat'>25</span> <span class='ocrx_word' id='word_1_224' title='bbox 1375 2291 1419 2331; x_wconf 90' lang='lat' dir='ltr'>et</span> <span class='ocrx_word' id='word_1_225' title='bbox 1450 2288 1508 2330; x_wconf 85' lang='lat'>26</span> <span class='ocrx_word' id='word_1_226' title='bbox 1539 2288 1754 2344; x_wconf 87' lang='lat' dir='ltr'>legantur:</span> 
     </span>
    </p>
   </div>
   <div class='ocr_carea' id='block_1_5' title="bbox 380 2383 1614 2513">
    <p class='ocr_par' dir='ltr' id='par_1_7' title="bbox 380 2383 1614 2513">
     <span class='ocr_line' id='line_1_29' title="bbox 380 2383 1614 2442; baseline -0.005 -12"><span class='ocrx_word' id='word_1_227' title='bbox 380 2386 459 2430; x_wconf 83' lang='lat' dir='ltr'>Sat</span> <span class='ocrx_word' id='word_1_228' title='bbox 489 2401 585 2429; x_wconf 90' lang='lat' dir='ltr'>mea</span> <span class='ocrx_word' id='word_1_229' title='bbox 616 2387 676 2429; x_wconf 90' lang='lat' dir='ltr'>sic</span> <span class='ocrx_word' id='word_1_230' title='bbox 707 2388 918 2442; x_wconf 85' lang='lat' dir='ltr'>magnast,</span> <span class='ocrx_word' id='word_1_231' title='bbox 951 2386 988 2427; x_wconf 90' lang='lat' dir='ltr'>si</span> <span class='ocrx_word' id='word_1_232' title='bbox 1017 2387 1106 2427; x_wconf 89' lang='lat' dir='ltr'>tres</span> <span class='ocrx_word' id='word_1_233' title='bbox 1139 2385 1236 2438; x_wconf 90' lang='lat' dir='ltr'>sint,</span> <span class='ocrx_word' id='word_1_234' title='bbox 1266 2398 1438 2439; x_wconf 91' lang='lat' dir='ltr'>pompa,</span> <span class='ocrx_word' id='word_1_235' title='bbox 1466 2383 1614 2437; x_wconf 85' lang='lat' dir='ltr'>libelli,</span> 
     </span>
     <span class='ocr_line' id='line_1_30' title="bbox 448 2454 1550 2513; baseline -0.004 -13"><span class='ocrx_word' id='word_1_236' title='bbox 448 2458 565 2508; x_wconf 82' lang='lat' dir='ltr'>Quos</span> <span class='ocrx_word' id='word_1_237' title='bbox 597 2471 677 2513; x_wconf 85' lang='lat' dir='ltr'>ego</span> <span class='ocrx_word' id='word_1_238' title='bbox 709 2457 1008 2513; x_wconf 87' lang='lat' dir='ltr'>Persephonae</span> <span class='ocrx_word' id='word_1_239' title='bbox 1040 2456 1229 2498; x_wconf 90' lang='lat' dir='ltr'>maxima</span> <span class='ocrx_word' id='word_1_240' title='bbox 1260 2455 1372 2498; x_wconf 91' lang='lat' dir='ltr'>dona</span> <span class='ocrx_word' id='word_1_241' title='bbox 1401 2454 1550 2509; x_wconf 87' lang='lat' dir='ltr'>feram,</span> 
     </span>
    </p>
   </div>
   <div class='ocr_carea' id='block_1_6' title="bbox 234 2549 1760 2963">
    <p class='ocr_par' dir='ltr' id='par_1_8' title="bbox 234 2549 1760 2963">
     <span class='ocr_line' id='line_1_31' title="bbox 235 2549 1758 2610; baseline -0.004 -13"><span class='ocrx_word' id='word_1_242' title='bbox 235 2554 392 2610; x_wconf 84' lang='lat' dir='ltr'>spretis</span> <span class='ocrx_word' id='word_1_243' title='bbox 436 2554 560 2597; x_wconf 87' lang='lat' dir='ltr'>uanis</span> <span class='ocrx_word' id='word_1_244' title='bbox 605 2554 891 2608; x_wconf 89' lang='lat' dir='ltr'>interpretum</span> <span class='ocrx_word' id='word_1_245' title='bbox 931 2553 978 2594; x_wconf 92' lang='lat' dir='ltr'>in</span> <span class='ocrx_word' id='word_1_246' title='bbox 1020 2565 1124 2594; x_wconf 90' lang='lat' dir='ltr'>uoce</span> <span class='ocrx_word' id='word_1_247' title='bbox 1166 2549 1344 2592; x_wconf 75' lang='lat' dir='ltr'>‘libelli’</span> <span class='ocrx_word' id='word_1_248' title='bbox 1389 2549 1642 2592; x_wconf 90' lang='lat' dir='ltr'>commentis</span> <span class='ocrx_word' id='word_1_249' title='bbox 1685 2549 1758 2591; x_wconf 87' lang='lat' dir='ltr'>ille</span> 
     </span>
     <span class='ocr_line' id='line_1_32' title="bbox 234 2619 1757 2680; baseline -0.005 -11"><span class='ocrx_word' id='word_1_250' title='bbox 234 2626 502 2669; x_wconf 86' lang='lat' dir='ltr'>rectissimae</span> <span class='ocrx_word' id='word_1_251' title='bbox 529 2623 739 2680; x_wconf 83' lang='lat' dir='ltr'>Scaligeri</span> <span class='ocrx_word' id='word_1_252' title='bbox 765 2623 1058 2666; x_wconf 88' lang='lat' dir='ltr'>obseruationi</span> <span class='ocrx_word' id='word_1_253' title='bbox 1084 2621 1261 2678; x_wconf 60' lang='lat' dir='ltr'>(nescio</span> <span class='ocrx_word' id='word_1_254' title='bbox 1288 2619 1501 2676; x_wconf 90' lang='lat' dir='ltr'>quomodo</span> <span class='ocrx_word' id='word_1_255' title='bbox 1526 2620 1646 2662; x_wconf 91' lang='lat' dir='ltr'>iubet</span> <span class='ocrx_word' id='word_1_256' title='bbox 1669 2622 1757 2663; x_wconf 88' lang='lat' dir='ltr'>tres</span> 
     </span>
     <span class='ocr_line' id='line_1_33' title="bbox 235 2691 1760 2750; baseline -0.004 -10"><span class='ocrx_word' id='word_1_257' title='bbox 235 2698 408 2741; x_wconf 90' lang='lat' dir='ltr'>libellos</span> <span class='ocrx_word' id='word_1_258' title='bbox 447 2697 530 2739; x_wconf 90' lang='lat' dir='ltr'>sibi</span> <span class='ocrx_word' id='word_1_259' title='bbox 566 2693 828 2750; x_wconf 78' lang='grc' dir='ltr'><em>πομπεύειν,</em></span> <span class='ocrx_word' id='word_1_260' title='bbox 866 2709 972 2750; x_wconf 91' lang='lat' dir='ltr'>quos</span> <span class='ocrx_word' id='word_1_261' title='bbox 1009 2693 1199 2735; x_wconf 89' lang='lat' dir='ltr'>nondum</span> <span class='ocrx_word' id='word_1_262' title='bbox 1237 2692 1485 2746; x_wconf 87' lang='lat' dir='ltr'>scripserat,</span> <span class='ocrx_word' id='word_1_263' title='bbox 1522 2695 1572 2734; x_wconf 93' lang='lat' dir='ltr'>ut</span> <span class='ocrx_word' id='word_1_264' title='bbox 1602 2691 1676 2747; x_wconf 89' lang='lat' dir='ltr'>qui</span> <span class='ocrx_word' id='word_1_265' title='bbox 1705 2706 1760 2734; x_wconf 91' lang='lat' dir='ltr'>ne</span> 
     </span>
     <span class='ocr_line' id='line_1_34' title="bbox 238 2761 1760 2823; baseline -0.006 -11"><span class='ocrx_word' id='word_1_266' title='bbox 238 2769 469 2813; x_wconf 89' lang='lat' dir='ltr'>secundum</span> <span class='ocrx_word' id='word_1_267' title='bbox 505 2767 675 2823; x_wconf 87' lang='lat' dir='ltr'>quidem</span> <span class='ocrx_word' id='word_1_268' title='bbox 708 2766 933 2808; x_wconf 90' lang='lat' dir='ltr'>dimidium</span> <span class='ocrx_word' id='word_1_269' title='bbox 972 2763 1229 2821; x_wconf 88' lang='lat' dir='ltr'>scripserit&#39;)</span> <span class='ocrx_word' id='word_1_270' title='bbox 1267 2762 1470 2805; x_wconf 81' lang='lat' dir='ltr'>insistens</span> <span class='ocrx_word' id='word_1_271' title='bbox 1507 2761 1665 2804; x_wconf 92' lang='lat' dir='ltr'>librum</span> <span class='ocrx_word' id='word_1_272' title='bbox 1697 2776 1760 2804; x_wconf 88' lang='lat' dir='ltr'>se-</span> 
     </span>
     <span class='ocr_line' id='line_1_35' title="bbox 239 2833 1758 2892; baseline -0.005 -9"><span class='ocrx_word' id='word_1_273' title='bbox 239 2841 425 2884; x_wconf 90' lang='lat' dir='ltr'>cundum</span> <span class='ocrx_word' id='word_1_274' title='bbox 462 2840 508 2882; x_wconf 91' lang='lat' dir='ltr'>in</span> <span class='ocrx_word' id='word_1_275' title='bbox 548 2838 654 2880; x_wconf 89' lang='lat' dir='ltr'>duos</span> <span class='ocrx_word' id='word_1_276' title='bbox 693 2837 859 2892; x_wconf 84' lang='lat' dir='ltr'>diuisit,</span> <span class='ocrx_word' id='word_1_277' title='bbox 897 2839 944 2878; x_wconf 91' lang='lat' dir='ltr'>ut</span> <span class='ocrx_word' id='word_1_278' title='bbox 980 2836 1067 2878; x_wconf 90' lang='lat' dir='ltr'>iam</span> <span class='ocrx_word' id='word_1_279' title='bbox 1103 2849 1181 2890; x_wconf 90' lang='lat' dir='ltr'>pro</span> <span class='ocrx_word' id='word_1_280' title='bbox 1221 2835 1421 2890; x_wconf 84' lang='lat' dir='ltr'>quattuor</span> <span class='ocrx_word' id='word_1_281' title='bbox 1454 2847 1562 2889; x_wconf 88' lang='lat' dir='ltr'>quae</span> <span class='ocrx_word' id='word_1_282' title='bbox 1593 2833 1758 2876; x_wconf 89' lang='lat' dir='ltr'>codices</span> 
     </span>
     <span class='ocr_line' id='line_1_36' title="bbox 237 2904 1760 2963; baseline -0.006 -8"><span class='ocrx_word' id='word_1_283' title='bbox 237 2912 413 2955; x_wconf 90' lang='lat' dir='ltr'>tradunt</span> <span class='ocrx_word' id='word_1_284' title='bbox 444 2909 736 2953; x_wconf 89' lang='lat' dir='ltr'>uoluminibus</span> <span class='ocrx_word' id='word_1_285' title='bbox 766 2908 1029 2951; x_wconf 88' lang='lat' dir='ltr'>haberentur</span> <span class='ocrx_word' id='word_1_286' title='bbox 1059 2906 1257 2963; x_wconf 85' lang='lat' dir='ltr'>quinque.</span> <span class='ocrx_word' id='word_1_287' title='bbox 1310 2904 1469 2947; x_wconf 90' lang='lat' dir='ltr'>librum</span> <span class='ocrx_word' id='word_1_288' title='bbox 1500 2905 1646 2947; x_wconf 89' lang='lat' dir='ltr'>autem</span> <span class='ocrx_word' id='word_1_289' title='bbox 1675 2906 1760 2946; x_wconf 88' lang='lat' dir='ltr'>ter·</span> 
     </span>
    </p>
   </div>
  </div>
 </body>
</html>
