1898 3190
233 138 290 180 66
721 140 983 176 PROPERTII
1008 141 1098 176 LIB.
1124 141 1169 178 II.
1198 145 1252 178 17.

917 322 1066 369 XVII.

349 424 525 467 Mentiri
554 427 743 481 noctem,
774 426 1001 481 promissis
1034 427 1187 468 ducere
1221 429 1455 482 amantem,

408 495 504 539 Hoc
536 497 619 538 erit,
648 497 829 539 infectas
863 497 1069 553 sanguine
1101 498 1260 540 habere
1291 513 1454 541 manus.

348 566 515 609 Horum
548 581 628 623 ego
661 583 756 610 sum
787 570 928 623 uates,
960 569 1157 624 quotiens
1190 568 1383 612 desertus
1415 584 1584 612 amaras

407 637 593 693 Expleui
623 641 789 694 noctes,
821 639 983 681 fractus
1014 641 1196 695 utroque
1226 642 1335 683 toro.

313 709 431 751 5Vel
461 711 510 751 tu
542 709 755 752 Tantalea
786 726 986 753 moueare
1019 711 1072 753 ad
1102 711 1280 753 flumina
1311 713 1444 766 sorte,

406 779 468 823 Ut
498 780 639 836 liquor
671 782 812 823 arenti
842 782 969 824 fallat
1001 782 1054 824 ab
1088 797 1159 824 ore
1191 782 1329 837 sitim,

346 850 430 893 Vel
461 854 509 893 tu
541 850 767 907 Sisyphios
799 853 901 895 lieet
932 854 974 895 a!
1007 853 1210 896 miserere
1240 854 1429 909 labores,

406 922 594 965 Difficile
625 926 675 965 111,
705 925 799 966 toto
832 926 978 966 monte
1009 924 1177 967 uolutet
1209 939 1333 967 onus:

347 993 506 1037 Durius
538 995 585 1037 in
614 995 739 1037 terris
771 995 880 1036 nihil
913 997 980 1037 est
1011 995 1125 1051 quod
1154 995 1278 1037 uiuat
1309 997 1498 1049 amante,

290 1076 332 1107 10
405 1064 513 1120 Nee,
548 1065 676 1108 modo
709 1066 744 1108 si
777 1066 943 1122 sapias,
975 1066 1089 1122 quod
1120 1067 1261 1108 minus
1293 1080 1386 1107 esse
1417 1066 1539 1110 uelis.

348 1136 484 1186 Quem
514 1137 642 1180 modo
674 1138 843 1180 felicem
874 1137 1038 1179 inuidia
1070 1137 1310 1179 admirante
1340 1136 1555 1192 ferebant,

406 1207 532 1250 Nunc
565 1208 728 1251 decimo
761 1208 967 1250 admittor
997 1207 1071 1249 uix
1104 1222 1183 1263 ego
1216 1223 1384 1263 quoque
1415 1207 1496 1250 die.

345 1278 472 1321 Nune
503 1279 642 1321 iacere
675 1293 697 1320 e
729 1279 835 1321 duro
868 1294 1021 1334 corpus
1053 1279 1174 1321 iubet
1204 1279 1338 1334 impia
1370 1292 1491 1332 saxo,

406 1348 582 1392 Sumere
615 1352 658 1392 et
689 1351 735 1392 in
765 1352 937 1392 nostras
969 1350 1073 1392 trita
1103 1364 1270 1392 uenena
1301 1363 1471 1403 manus3

289 1431 331 1462 15
345 1420 436 1463 Nee
467 1421 571 1463 lieet
601 1421 646 1462 in
675 1420 817 1463 triuiis
850 1421 962 1463 sicea
993 1421 1257 1476 requiescere
1287 1421 1408 1472 luna,

405 1491 496 1533 Aut
527 1506 603 1546 per
632 1492 816 1534 rimosas
847 1492 1017 1533 mittere
1049 1490 1183 1532 uerba
1213 1490 1339 1532 fores.

347 1562 470 1612 Quod
502 1562 699 1617 quamuis
731 1562 793 1604 sta
825 1563 900 1618 sit,
932 1562 1150 1604 dominam
1182 1549 1348 1603 mutare
1379 1560 1559 1603 oauebo:

406 1633 518 1675 Tum
547 1632 685 1688 flebit,
717 1647 814 1674 eum
845 1633 891 1674 in
922 1647 990 1674 me
1022 1631 1206 1674 senserit
1236 1646 1330 1674 esse
1361 1631 1500 1674 fidem.

322 2010 412 2046 VAE.
439 2022 537 2046 Lacr.
580 2009 693 2044 XVII.
740 2008 853 2044 Noua
865 2008 979 2053 eleyia
992 2019 1071 2043 cum
1085 2008 1191 2043 titulo
1205 2007 1250 2043 de
1265 2006 1473 2043 exclusione
1486 2007 1528 2042 in
1544 2006 1594 2054 011
1609 2011 1627 2042 1
1650 2007 1752 2043 Men-

230 2069 308 2104 tiris
333 2073 361 2103 D
387 2068 587 2110 Mentiri}
611 2070 640 2101 V
663 2069 667 2110 1
690 2066 820 2102 fallere
845 2070 873 2100 D
901 2066 1008 2111 (idem
1035 2066 1168 2100 ducere
1193 2076 1261 2110 my.
1282 2076 1355 2110 pro
1379 2076 1461 2100 war.
1488 2066 1595 2111 leeth),
1627 2069 1658 2100 V
1681 2077 1751 2111 my.

226 2140 270 2165 m.
292 2132 318 2165 2
337 2129 350 2173 ΙΙ
368 2132 389 2163 2
410 2129 491 2163 erat
509 2138 531 2165 ς
549 2128 561 2172 ΙΙ
579 2131 602 2162 4
620 2127 745 2162 malim
764 2125 955 2170 Expleuit,
974 2128 1016 2161 ut
1035 2125 1175 2160 Horum
1195 2135 1264 2170 quo
1283 2128 1373 2160 recte
1392 2124 1578 2169 pertineat
1595 2125 1725 2160 habeat
1743 2123 1747 2170 Ι

226 2189 362 2223 stratus
388 2188 480 2223 com'.
506 2187 653 2222 Keilius
680 2187 685 2230 Ι
706 2186 816 2220 thoro
840 2188 867 2218 F
885 2187 916 2218 N
946 2185 958 2229 ΙΙ
990 2187 1010 2219 5
1037 2184 1236 2228 Tantalea,
1261 2184 1316 2218 ita
1342 2186 1366 2216 0
1396 2184 1409 2228 11
1440 2187 1461 2218 6
1485 2183 1538 2218 Ut
1560 2186 1588 2216 F
1606 2186 1655 2220 R:
1681 2183 1752 2218 Vel

226 2251 254 2281 D
273 2249 303 2280 V
325 2248 330 2292 1
353 2246 479 2282 sithim
505 2250 531 2280 F
559 2246 572 2292 ΙΙ
601 2250 620 2281 7
647 2244 820 2290 sisiphios
844 2247 872 2277 F
898 2243 1080 2288 sisiphyos
1105 2245 1138 2276 R
1171 2243 1176 2287 Ι
1209 2246 1246 2278 a!
1281 2241 1454 2278 miserere
1479 2243 1616 2277 conieci
1641 2242 1750 2278 Misc.

228 2306 317 2341 Urit.
340 2317 378 2350 p.
405 2309 466 2340 90:
494 2304 676 2340 admirere
702 2307 726 2338 0
752 2304 766 2349 ΙΙ
791 2307 811 2338 9
836 2301 918 2337 uiab
941 2306 968 2335 F
995 2304 1074 2347 (my.
1101 2313 1147 2337 m.
1173 2305 1198 2338 2
1224 2303 1265 2337 af
1287 2301 1406 2353 iuuat)
1430 2301 1442 2346 ΙΙ
1475 2305 1516 2336 11
1543 2301 1752 2337 admirante

225 2364 369 2400 inuidia
392 2368 437 2408 F,
463 2375 554 2400 corr.
580 2375 624 2399 m.
652 2367 677 2399 2
703 2364 796 2408 siyn.
822 2372 946 2406 appos.
978 2362 990 2405 ΙΙ
1023 2365 1065 2396 12
1091 2360 1253 2396 admitor
1276 2365 1305 2394 Ι)
1331 2360 1494 2396 admiror
1524 2361 1556 2405 (r
1577 2361 1684 2405 prior
1707 2371 1752 2396 ex

226 2426 333 2470 corr.)
359 2427 389 2458 V
418 2426 499 2470 (my.
526 2435 570 2458 m.
597 2426 622 2459 2
655 2421 847 2466 admittor)
883 2421 896 2466 ΙΙ
931 2431 994 2456 uu.
1024 2424 1079 2464 13,
1108 2424 1151 2454 14
1176 2423 1209 2455 et
1236 2422 1290 2464 15,
1318 2423 1362 2454 16
1392 2419 1600 2464 transponit
1630 2419 1750 2454 Lach-

226 2494 384 2518 mannus
401 2484 414 2528 ΙΙ
436 2487 477 2518 13
502 2482 607 2517 iubet
625 2481 903 2517 Lachmam‘ms:
927 2479 1033 2514 iuuat
1058 2482 1083 2512 0
1103 2478 1223 2524 iuuat,
1249 2478 1382 2523 impia,
1409 2489 1496 2513 saxo
1515 2478 1626 2522 uulyo
1644 2477 1752 2512 iuuat

226 2542 266 2576 in
283 2542 379 2577 freta
398 2542 567 2577 Auratus
585 2542 597 2586 ΙΙ
619 2545 662 2576 14
688 2540 839 2575 Sfimere
857 2542 885 2572 F
911 2538 1101 2573 Summere
1126 2542 1154 2572 D
1177 2539 1182 2582 Ι
1203 2537 1294 2573 trita
1313 2540 1354 2571 0:
1379 2537 1477 2572 tetra
1501 2546 1524 2574 ς
1541 2537 1554 2582 ΙΙ
1574 2539 1616 2571 15
1642 2536 1750 2572 Nunc

228 2600 318 2636 licet
341 2600 549 2636 Beroaldus
573 2599 679 2635 Nunc
704 2599 799 2635 libet
826 2595 989 2644 Guyetus
1007 2597 1020 2642 ΙΙ
1041 2601 1082 2632 16
1109 2596 1244 2631 imosas
1270 2598 1302 2629 Π

1892 2096 1898 2133 1

1891 2145 1898 2170 1

1888 2175 1898 2219 ,3
