1898 3190
0 1066 5 1102 -,.-
0 928 9 1059 -ν--ψφῃῂ
0 885 7 919 ‹wv
0 870 3 874 -
2 827 6 829 >

651 174 913 211 PROPERTII
935 173 1025 211 LIB.
1050 173 1096 209 Π.
1122 177 1181 210 13.
1607 171 1666 215 59

318 282 526 326 Iussisset
556 283 734 339 quaeuis
765 283 816 325 de
847 283 985 326 tribus
1015 297 1103 324 una
1133 282 1274 325 soror!

199 364 247 396 45
258 353 372 397 Nam
405 368 489 410 quo
520 356 612 396 tam
642 354 797 396 dubiae
829 355 1023 396 seruetur
1053 353 1233 408 spiritus
1263 352 1429 396 horae?

316 423 519 468 Nestoris
550 427 617 468 est
646 425 765 467 uisus
795 427 897 481 post
926 424 1011 466 tria
1042 425 1184 467 saecla
1214 425 1334 467 cinis

259 495 372 546 Quoi
402 499 573 539 stamen
603 497 757 552 longae
786 496 1000 538 renuisset
1028 496 1120 538 fata
1151 498 1364 549 senectae,

319 565 510 610 Callidus
540 567 687 611 Iliacis
718 567 840 609 miles
870 567 917 608 in
948 567 1180 623 aggeribus

259 636 361 680 Non
390 638 464 680 ille
495 637 722 680 Antilochi
751 637 932 680 uidisset
962 652 1116 692 corpus
1146 637 1334 691 humari,

200 718 247 750 50
318 707 493 751 Diceret
522 709 635 750 unde
666 707 708 751 ‘o
739 722 876 763 mors,
907 723 982 750 cur
1012 708 1120 750 mihi
1152 722 1248 750 sera
1277 706 1452 750 uenis?’

259 777 327 820 Tu
357 781 504 821 tamen
533 778 692 821 amisso
722 793 812 821 non
840 793 1075 834 numquam
1105 778 1228 821 flebis
1260 777 1418 820 amico:

318 849 352 892 F
354 861 413 892 as'
434 852 500 892 est
528 850 784 906 praeteritos
817 864 985 905 semper
1015 863 1161 892 amare
1192 849 1323 892 uiros.

260 918 423 973 Testis,
455 922 557 977 quoi
587 922 763 964 niueum
794 921 1011 976 quondam
1041 921 1255 976 percussit
1286 920 1483 963 Adonem

322 992 567 1035 Venantem
599 991 737 1034 Idalio
769 992 929 1034 uertice
960 992 1092 1034 durus
1124 1006 1243 1046 aper:

202 1073 247 1105 55
259 1063 357 1106 Illic
386 1064 622 1106 formosum
653 1062 807 1105 ciuisse
838 1063 1086 1118 paludibus,
1116 1063 1218 1104 illuc

320 1134 488 1178 Diceris
520 1134 656 1176 effusa.
684 1136 752 1188 tu,
783 1133 949 1189 Venus,
980 1134 1065 1176 isse
1096 1148 1230 1176 coma.

263 1204 348 1247 Sed
378 1205 535 1247 frustra
567 1207 710 1247 mutos
740 1204 984 1259 reuocabis,
1015 1203 1221 1259 Cynthia,
1254 1203 1424 1247 Manes:

320 1275 435 1319 Nam
465 1291 562 1320 mea
592 1276 695 1334 quid
725 1278 927 1332 poterunt
961 1290 1061 1318 ossa
1091 1276 1260 1318 minuta
1290 1275 1438 1332 loqui?

238 1618 331 1654 Vn.
356 1631 454 1654 Lacr.
504 1621 549 1653 45
575 1620 769 1654 seruentur
793 1620 831 1663 (n
855 1629 1042 1663 suppum.
1066 1631 1112 1654 m.
1139 1621 1180 1663 2)
1204 1622 1232 1652 r
1258 1619 1427 1654 seruatur
1452 1619 1548 1655 Itali
1575 1621 1589 1665 Ι
1621 1623 1667 1655 46

145 1677 247 1713 uisus
271 1681 362 1713 11:
387 1678 507 1713 iussus
532 1681 620 1721 ΒΥς
646 1677 788 1723 positus
812 1678 864 1714 H.
890 1678 1067 1720 Bosscha3
1093 1690 1155 1724 eyo
1179 1679 1282 1713 ustus
1305 1679 1364 1713 uel
1387 1679 1508 1713 tostus
1533 1679 1670 1714 conieci

145 1737 207 1782 (cf.
235 1736 274 1772 0,
300 1738 336 1772 I.
363 1737 410 1772 L.
437 1741 469 1782 1,
498 1741 605 1782 1220,
629 1741 651 1772 3
676 1739 778 1773 tosta
800 1737 947 1782 fauilla.)
976 1738 990 1782 Ε
1020 1742 1064 1773 47
1092 1737 1187 1780 Quoi
1213 1739 1358 1774 stamen
1382 1739 1506 1783 (stau-1)
1532 1738 1668 1783 longae

143 1807 245 1832 nunc
269 1797 328 1842 (cf.
356 1798 466 1833 Misc.
494 1797 584 1833 erit.
603 1809 645 1843 p.
671 1799 730 1840 87)
761 1798 908 1843 scripsi:
940 1797 1030 1840 Quis
1061 1799 1093 1842 (s
1118 1798 1186 1833 del.
1211 1801 1239 1831 F
1263 1809 1309 1834 m.
1334 1798 1375 1842 2)
1406 1798 1485 1832 tam
1516 1797 1669 1843 longae-

144 1865 215 1891 uae
239 1858 284 1899 ος
317 1856 359 1890 in
383 1856 546 1901 protasi,
577 1859 619 1890 ut
648 1857 810 1901 saepius,
842 1855 873 1891 si
895 1854 1153 1901 supplendam
1188 1855 1256 1892 Cui
1286 1856 1319 1890 si
1345 1856 1559 1901 Liuineius,
1591 1859 1669 1891 tum

145 1917 212 1949 aut
234 1913 441 1959 longaeuae
466 1918 532 1949 aut
554 1915 633 1950 tam
658 1915 794 1960 longae
819 1916 918 1950 docti
937 1917 943 1960 1
964 1914 1148 1951 renuisset
1165 1916 1315 1960 scripsi:
1341 1914 1572 1950 meminisset
1590 1919 1619 1948 Β
1638 1917 1668 1948 V

144 1971 344 2008 imnisset
366 1977 411 2018 F,
437 1977 470 2008 et
492 1978 522 2008 Β
546 1985 614 2019 my.
634 1985 707 2019 pro
736 1986 818 2009 uar.
846 1975 937 2018 lect.,
971 1973 1167 2009 minuisset
1190 1978 1219 2008 P
1242 1986 1311 2019 my.
1335 1986 1382 2010 m.
1407 1976 1451 2018 2,
1476 1977 1525 2018 lt,
1543 1976 1574 2007 V
1597 1985 1666 2018 my.

149 2043 195 2067 m.
214 2034 241 2068 2
257 2033 272 2078 Ι
289 2044 324 2068 u.
351 2035 409 2076 48,
434 2036 476 2068 ut
500 2031 608 2068 miles
631 2033 735 2068 uerbi
752 2033 949 2068 minuisset
965 2034 1015 2068 sit
1038 2033 1248 2077 subiectum,
1266 2035 1412 2078 protasi
1435 2033 1547 2078 uulyo
1565 2033 1669 2076 dant,

147 2101 209 2136 eyo
221 2092 375 2136 apodosi
391 2092 535 2133 restitui
552 2091 672 2137 (Iliaci
685 2103 841 2137 aggeres
854 2108 899 2121 =
915 2091 1138 2127 Graecorum
1149 2093 1368 2127 munitiones
1387 2093 1485 2128 circa
1500 2092 1666 2128 Troiam:

144 2151 191 2194 cf.
215 2151 234 2186 Ι
258 2154 316 2196 21,
340 2155 363 2186 2
387 2155 420 2186 et
445 2151 544 2186 Ilias
569 2164 592 2195 η
617 2155 686 2187 325
705 2162 784 2196 sqq,
810 2155 880 2187 436
898 2153 974 2196 sqq)
1008 2154 1013 2195 1
1053 2151 1217 2186 Callidus
1249 2152 1428 2187 Eldikius
1458 2155 1491 2187 et
1516 2151 1668 2186 Fontei-

144 2209 247 2246 m’us:
272 2209 438 2245 Gallicus
464 2213 488 2244 0
514 2209 676 2245 Bellicus
700 2210 876 2245 Behotius
901 2210 1055 2246 Saucius
1082 2211 1334 2246 Mai-lelandus
1359 2210 1514 2247 Troicus
1538 2211 1667 2246 Sante-

145 2269 233 2304 πίω
255 2268 347 2304 Eius
371 2268 631 2304 Lachmannus
656 2269 833 2305 Caerulus
858 2271 918 2316 (=
939 2270 1128 2314 Memnon)
1148 2271 1314 2306 Naelcius
1333 2271 1486 2306 Choeril.
1506 2282 1547 2315 p.
1570 2273 1637 2305 185
1656 2270 1668 2315 Η

147 2332 193 2364 49
211 2327 276 2363 ille
296 2331 340 2362 0:
359 2339 425 2363 om.
439 2331 472 2361 lt
493 2329 499 2372 Ι
520 2328 727 2364 anthilochi
746 2333 774 2362 Β
787 2331 818 2362 V
838 2334 844 2372 Ι
865 2329 1022 2374 humari,
1042 2330 1096 2365 ita
1116 2333 1140 2363 0
1159 2331 1172 2375 ss
1191 2334 1237 2365 50
1254 2330 1352 2364 unde
1370 2330 1518 2374 scripsi:
1539 2330 1604 2364 aut
1617 2328 1668 2373 011

149 2390 194 2422 53
219 2385 281 2422 cui
304 2386 515 2421 Huschkius
539 2386 641 2430 (quoi
665 2388 758 2432 eyo):
784 2387 847 2431 qui
872 2391 897 2421 0
926 2389 931 2432 Ι
958 2388 1124 2434 niueum]
1150 2388 1322 2424 iuuenem
1347 2393 1375 2423 Β
1399 2399 1468 2433 my.
1488 2399 1561 2432 pro
1585 2399 1667 2422 aar.

146 2446 222 2481 leot.
257 2446 263 2490 Ι
295 2444 454 2480 adonem
479 2448 526 2479 0:
551 2445 689 2480 adonin
714 2455 737 2483 ς
772 2447 785 2491 ΙΙ
822 2450 868 2481 54
891 2447 1113 2482 Venamtem
1142 2451 1174 2482 Π
1208 2448 1222 2493 Ι
1258 2451 1303 2482 55
1328 2447 1411 2483 lllic
1436 2458 1474 2484 5:
1500 2447 1580 2482 Illis
1604 2450 1630 2480 0
1659 2447 1663 2491 J

146 2503 279 2540 ciuisse
308 2505 440 2549 scripsi
474 2506 496 2540 l.
523 2506 563 2540 L:
599 2505 756 2540 iacuisse
781 2508 809 2539 0
841 2505 977 2541 lauisse
1003 2517 1026 2545 ς
1059 2506 1223 2552 Scaliger
1254 2507 1400 2543 fleuisse
1425 2517 1448 2544 ς
1482 2506 1668 2552 planxisse

147 2562 323 2598 Ena-'kias
346 2563 525 2599 clamasse
549 2567 581 2598 et
606 2564 789 2600 uocitasse
813 2565 883 2600 alii
903 2565 909 2610 Ι
930 2565 1127 2611 plaudibus
1145 2570 1172 2600 r
1199 2567 1213 2612 fl
1242 2570 1287 2602 56
1309 2566 1415 2601 uenis
1433 2571 1461 2600 Β
1483 2568 1489 2610 1
1511 2577 1591 2601 esse
1610 2569 1637 2599 P
1656 2566 1666 2609 {i

147 2625 194 2657 58
217 2619 297 2658 Nec
320 2621 541 2658 Fonteinius
562 2625 567 2667 1
590 2622 654 2668 qui
677 2626 710 2657 lt
730 2624 735 2668 Ι
756 2623 895 2668 poterit
916 2627 963 2669 r,
987 2635 1078 2660 corr.
1104 2636 1172 2670 my.
1199 2637 1244 2660 m.
1270 2630 1296 2661 2
