1898 3190
627 139 891 176 PROPERTII
916 139 1006 175 LIB.
1031 140 1058 174 1.
1086 144 1140 177 10.
1589 139 1644 180 17

237 246 340 290 Non
369 250 517 290 tamen
548 263 574 290 a
604 252 751 292 uestro
782 250 906 305 potui
937 249 1131 292 secedere
1161 249 1278 290 lusu:

181 329 225 361 10
297 318 463 361 Tantus
494 319 539 361 in
571 320 748 362 alternis
779 321 959 363 uocibus
991 320 1118 362 ardor
1149 323 1253 362 erat.

237 388 321 431 Sed
351 390 554 446 quoniam
585 406 673 434 non
704 406 750 434 es
780 392 944 433 ueritus
977 390 1232 433 concredere
1263 390 1409 445 nobis,

294 460 456 516 Accipe
488 462 742 504 commissae
774 477 952 504 munera
981 461 1188 504 laetitiae.

235 530 338 573 Non
369 532 509 574 solum
539 535 708 575 uestros
740 533 872 575 didici
901 532 1080 575 reticere
1112 532 1300 575 dolores:

293 602 376 644 Est
406 603 610 658 quiddam
640 603 686 644 in
716 604 843 646 nobis
874 603 1033 658 maius,
1064 604 1216 656 amice,
1246 603 1342 645 fide.

178 683 222 716 15
233 673 417 717 Possum
447 689 527 731 ego
560 675 753 717 diuersos
782 675 941 716 iterum
972 675 1231 730 coniungere
1264 677 1479 726 amantes,

291 744 352 787 Et
382 746 581 788 dominae
610 745 758 788 tardas
790 760 967 801 possum
999 746 1163 801 aperire
1194 746 1326 800 fores,

234 816 295 858 Et
325 831 502 871 possum
533 817 710 858 alterius
742 831 866 859 curas
899 831 1051 858 sanare
1082 817 1287 871 recentis,

291 886 384 930 Nec
414 887 522 929 leuis
552 887 598 928 in
628 887 772 929 uerbis
804 889 870 929 est
900 887 1112 929 medicina
1142 887 1262 928 meis.

233 956 424 1013 Cynthia
453 972 521 999 me
553 957 715 1013 docuit,
746 973 914 1013 semper
945 973 1053 1013 quae
1086 959 1236 1013 cuique
1267 959 1451 1013 petenda

174 1040 219 1072 20
291 1028 494 1084 Quaeque
525 1029 714 1072 cauenda
746 1029 903 1072 forent:
934 1045 1023 1072 non
1053 1029 1162 1071 nihil
1193 1030 1284 1085 egit
1315 1030 1462 1072 Amor.

232 1099 298 1143 Tu
329 1115 432 1142 caue
463 1115 516 1142 ne
546 1101 662 1142 tristi
694 1101 843 1156 cupias
874 1115 1066 1157 pugnare
1098 1101 1286 1156 puellae,

289 1170 411 1213 Neue
442 1172 627 1226 superba
656 1172 776 1227 loqui
806 1187 914 1214 neue
946 1176 1088 1215 tacere
1119 1172 1209 1227 diu,

230 1241 347 1296 Neu,
377 1243 414 1284 si
445 1242 547 1297 quid
577 1243 720 1298 petiit,
752 1244 865 1285 irata
895 1243 1038 1286 fronte
1069 1244 1262 1300 negaris,

289 1311 387 1355 Neu
417 1313 501 1355 tibi
531 1328 610 1367 pro
643 1329 755 1356 uano
789 1315 921 1356 uerba
951 1314 1141 1371 benigna
1172 1314 1338 1357 cadant.

173 1395 218 1426 25
230 1384 409 1426 Irritata
438 1384 576 1439 uenit,
608 1385 776 1439 quando
810 1385 1100 1427 contemnitur
1130 1385 1223 1440 illa7

288 1455 381 1498 Nec
413 1456 610 1498 meminit
638 1456 773 1498 iustas
804 1470 964 1511 ponere
994 1456 1112 1499 laesa
1143 1457 1303 1499 minas:

229 1525 291 1567 At
321 1540 405 1581 quo
438 1525 498 1567 sis
530 1525 706 1568 humilis
737 1527 877 1582 magis
909 1530 952 1569 et
984 1527 1201 1570 subiectus
1234 1529 1388 1583 amori,

286 1596 384 1639 Hoc
414 1596 556 1652 magis
588 1597 739 1639 effecto
772 1612 899 1652 saepe
931 1597 1074 1640 fruare
1107 1598 1234 1641 bono.

228 1667 273 1710 Is
303 1667 466 1723 poterit
495 1667 600 1709 felix
630 1683 716 1710 una
746 1683 967 1711 remanere
998 1669 1160 1724 puella,

170 1749 217 1782 30
288 1737 371 1789 Qui
400 1753 636 1794 numquam
666 1753 803 1781 uacuo
834 1742 1005 1794 pectore
1036 1741 1148 1783 liber
1178 1741 1270 1783 erit.

204 1973 295 2008 Vn„
321 1986 421 2009 ωεστ.
492 1978 536 2009 10
572 1974 726 2010 alterius
750 1977 799 2020 A,
822 1979 850 2008 F
875 1987 919 2010 m.
945 1980 965 2010 1
1008 1979 1012 2020 Ι
1052 1976 1215 2012 motibus
1241 1978 1334 2013 coni.
1360 1978 1583 2013 Fonteinius
1624 1978 1635 2022 ll

113 2036 155 2067 11
182 2033 401 2068 concredere
420 2036 450 2066 V
468 2045 512 2068 m.
533 2037 577 2070 2:
604 2034 806 2070 concedere
829 2038 871 2078 ⁰3
896 2035 935 2069 te
949 2035 1097 2071 credere
1112 2046 1145 2080 ς,
1164 2036 1287 2072 recte?
1312 2039 1325 2082 ΙΙ
1358 2041 1399 2071 12
1421 2037 1577 2072 comisse
1591 2057 1635 2062 —-

110 2090 236 2126 leticie
259 2093 291 2126 A
323 2093 330 2135 Ι
356 2094 487 2128 mutua
511 2093 706 2136 Heinsius,
730 2095 827 2139 quod
844 2095 967 2139 placet
1002 2096 1015 2139 ΙΙ
1054 2100 1096 2130 13
1123 2095 1279 2131 reticere
1304 2096 1448 2132 calores
1474 2097 1637 2142 Guyetus

110 2153 144 2184 et
167 2150 347 2186 Heinsius
381 2151 395 2195 Ι
433 2155 477 2186 14
512 2152 664 2197 quidam
689 2154 780 2196 (ead.
805 2164 852 2189 m.
877 2155 984 2198 corr.)
1010 2157 1057 2199 V,
1082 2157 1114 2187 N
1136 2166 1182 2190 m.
1208 2159 1229 2190 1
1272 2156 1286 2200 ΙΙ
1323 2160 1367 2191 15
1404 2155 1544 2191 diuisos
1570 2166 1591 2193 ς

113 2212 157 2243 16
188 2210 305 2244 cartas
328 2212 361 2242 1
385 2212 444 2254 (m.
469 2214 489 2244 1
517 2212 623 2255 corr.)
664 2212 678 2255 fl
717 2215 759 2246 19
797 2222 892 2255 quae
917 2212 1050 2257 cuique
1076 2214 1121 2249 L.
1149 2215 1369 2250 Muellerus:
1394 2226 1636 2260 quaecunque

109 2271 139 2301 1)
158 2270 207 2312 V,
224 2271 252 2302 r
275 2280 322 2304 m.
345 2271 373 2304 2
398 2271 447 2312 Π,
477 2280 710 2314 quacumque
735 2273 766 2304 A
783 2274 811 2304 F
846 2271 860 2315 u
895 2274 940 2306 20
978 2273 1066 2317 eget
1089 2276 1117 2306 P
1147 2284 1193 2308 m.
1218 2277 1239 2308 1
1277 2274 1290 2318 u
1326 2279 1372 2309 23
1409 2274 1507 2310 irata
1535 2275 1635 2309 Bur-

109 2337 285 2362 mannus:
322 2326 472 2372 ingrata
498 2330 523 2360 0
554 2330 691 2374 rugata
720 2329 914 2373 Hauptius
945 2332 1081 2375 (opusc.
1106 2331 1160 2366 III
1186 2343 1227 2376 p.
1252 2334 1354 2378 389);
1390 2334 1469 2378 ipse
1500 2334 1636 2369 mirata

109 2385 248 2420 conieci
281 2386 295 2430 Ι
330 2389 375 2420 25
401 2385 552 2421 Irritata
575 2389 623 2421 1⁸:
648 2386 783 2423 Iritata
806 2392 834 2422 Ι)
854 2391 884 2422 V
908 2389 1104 2425 Irritatura
1128 2393 1159 2423 A
1177 2394 1204 2424 F
1235 2392 1248 2436 Ι]
1279 2394 1325 2426 26
1350 2391 1483 2438 iustas]
1509 2393 1634 2427 malim

110 2444 290 2487 maestam
315 2444 538 2480 Fonteinius
562 2446 714 2481 coniecit
734 2446 806 2482 Sed
831 2447 907 2493 (Et)
926 2449 1051 2484 renuit
1067 2449 1194 2485 tristes
1211 2451 1224 2495 ΙΙ
1242 2454 1286 2485 28
1312 2450 1446 2486 affecto
1466 2455 1494 2484 F
1511 2463 1557 2486 m.
1577 2455 1603 2487 2
1623 2454 1634 2497 ιζ

110 2506 156 2538 29
193 2502 262 2537 His
285 2506 317 2536 A
334 2506 362 2536 F
387 2504 444 2548 (in
467 2504 533 2539 hoc
556 2504 591 2539 H
614 2515 660 2540 m.
686 2507 712 2540 2
737 2507 931 2552 expunxit)

182 2933 393 2963 Priorum-ms.

1326 2937 1346 2968 10
