1898 3190
705 131 1088 170 PROLEGOMENA.
1550 131 1669 167 XLIX

139 257 310 289 amum
347 257 394 286 se
424 256 576 285 canere
612 242 852 298 profitetur.
904 244 948 284 et
976 242 1136 284 reiecto
1167 255 1312 296 panno
1342 240 1417 282 illo
1450 239 1592 283 alieno
1623 239 1666 282 H

141 315 285 358 7—13
315 329 445 370 quam
474 327 575 355 uere
605 312 688 355 hoc
720 313 771 355 de
796 327 842 355 se
872 312 1141 368 profiteatur,
1172 312 1259 355 iam
1290 314 1434 354 totum
1463 312 1666 354 uolumen

140 385 374 429 secundum
404 384 553 439 aperit.

253 455 324 498 Ad
353 455 531 498 tertium
561 454 766 497 uolumen
801 455 1089 509 peruenimus.
1137 453 1252 510 quod
1283 468 1380 496 cum
1420 454 1564 497 ederet
1595 468 1666 497 ex-

139 529 267 571 eunte
320 526 410 569 fere
468 541 507 568 a.
548 526 631 582 23,
685 541 783 568 cum
841 526 1022 569 consilio
1078 526 1261 568 diuersis
1315 526 1423 569 locis
1485 527 1666 569 inseruit

136 598 328 643 carmina
365 597 522 654 quibus
560 597 826 652 significaret
863 597 982 640 aliud
1021 612 1204 653 poeseos
1235 611 1371 654 genus
1403 613 1448 640 se
1479 597 1662 653 posthac

135 671 412 714 sectaturum.
449 668 550 710 licet
575 668 691 710 enim
717 668 869 724 elegiis
892 668 1006 711 1—3
1031 682 1076 710 se
1101 668 1274 712 heroico
1300 669 1483 711 carmini
1506 683 1661 725 parum

134 743 286 798 aptum
315 740 549 783 identidem
573 740 774 795 declaret,
804 755 906 783 mox
929 743 1076 783 tamen
1100 743 1150 783 ut
1174 740 1270 783 aliis
1290 740 1508 796 opusculis
1535 741 1661 796 [eleg.

132 813 163 855 4
191 814 237 855 et
266 812 313 865 5]
351 811 492 867 magis
531 813 644 853 tecte
682 811 842 854 indicat
871 812 936 854 ita
966 814 1009 854 et
1046 812 1208 868 elegiae
1238 826 1378 854 nonae
1414 812 1499 854 fine
1532 813 1576 854 et
1607 827 1658 854 eo

132 883 246 939 quod
280 883 329 925 in
362 882 478 924 hunc
514 882 673 924 librum
711 884 1012 938 reuocauimus
1047 883 1293 939 fragmento
1330 882 1376 925 Π
1417 883 1472 925 10
1509 884 1660 938 aperte

133 954 348 1010 eloquitur
390 955 555 995 certum
594 968 719 996 suum
757 954 811 996 ad
847 955 971 1010 epica
1006 955 1235 998 tractanda
1272 953 1524 997 transeundi
1561 968 1659 996 con-

131 1025 296 1081 silium,
335 1024 519 1067 assiduis
555 1024 819 1068 Maecenatis
857 1026 1041 1068 maxime
1078 1026 1279 1082 precibus
1317 1025 1482 1069 cedens.
1536 1025 1657 1067 cuius

130 1096 195 1138 rei
231 1096 338 1139 haec
377 1098 599 1152 praeterea
639 1111 770 1138 causa
808 1097 891 1139 fuit
931 1097 1045 1152 quod
1077 1111 1170 1139 eam
1212 1111 1321 1152 quae
1360 1097 1407 1138 in
1443 1096 1656 1152 poematis

130 1167 352 1211 amatoriis
382 1170 474 1210 tam
499 1166 572 1209 diu
596 1170 856 1223 regnauerat
886 1167 1104 1210 dimittere
1129 1168 1378 1224 cogebatur.
1417 1167 1491 1210 sed
1516 1167 1655 1209 inten-

129 1238 215 1280 tius
247 1238 407 1281 amoris
438 1238 552 1281 illius
583 1238 713 1281 finem
743 1253 1060 1298 persequamur.
1099 1241 1142 1281 et
1171 1239 1311 1295 primo
1344 1238 1517 1294 quidem
1546 1240 1655 1289 tem-

128 1323 235 1365 pore
266 1309 462 1365 quietum
491 1324 570 1352 nec
599 1310 686 1352 nisi
715 1310 870 1352 leuiter
906 1310 1129 1353 turbatum
1161 1326 1255 1354 cum
1288 1309 1476 1366 Cynthia
1507 1313 1655 1352 contu-

127 1380 324 1424 bernium
353 1380 543 1436 produnt
572 1381 689 1424 haud
718 1395 857 1437 pauca
882 1382 1075 1424 carmina
1105 1380 1177 1437 (cf.
1196 1381 1262 1424 III
1292 1383 1338 1438 63
1369 1382 1415 1438 83
1450 1382 1522 1437 103
1558 1379 1653 1438 16);

126 1451 241 1495 inter
269 1466 379 1508 quae
409 1453 454 1495 id
485 1452 598 1508 quod
630 1454 698 1494 est
726 1467 904 1495 numero
942 1453 1154 1495 decimum
1185 1441 1383 1508 quintum
1414 1452 1653 1507 principem

128 1523 294 1578 optinet
322 1523 484 1579 locum,
520 1523 575 1565 ad
610 1526 782 1578 tempus
820 1524 935 1579 quod
966 1524 1140 1580 attinet,
1177 1526 1329 1579 utpote
1368 1524 1516 1566 statim
1551 1527 1653 1579 post

127 1593 290 1636 editum
320 1593 480 1636 librum
503 1592 562 1648 II,
577 1594 881 1649 conscriptum.
911 1609 1015 1637 nam
1035 1592 1260 1651 Cynthiae,
1291 1610 1399 1650 quae
1430 1610 1528 1638 eum
1554 1610 1651 1638 cum

125 1663 322 1719 Lycinna
350 1663 515 1707 famula
545 1678 638 1706 rem
670 1664 809 1707 adhuc
838 1665 998 1708 habere
1031 1665 1352 1721 suspicabatur,
1383 1665 1649 1721 respondens

124 1736 255 1790 poeta
283 1734 390 1778 haec
420 1735 541 1778 dicit:

298 1817 473 1860 Tertius
503 1817 620 1861 haud
649 1820 785 1862 multo
816 1820 957 1863 minus
990 1823 1056 1863 est
1087 1835 1184 1863 cum
1215 1820 1385 1863 ducitur
1416 1835 1571 1863 annus:

365 1889 453 1932 Vix
481 1890 657 1932 memini
686 1890 814 1933 nobis
844 1891 978 1934 uerba
1009 1892 1146 1935 coisse
1178 1891 1334 1935 decem.

301 1959 467 2003 Cuncta
495 1962 597 2004 tuus
629 1962 831 2017 sepeliuit
862 1977 1002 2018 amor3
1033 1977 1112 2006 nec
1142 1963 1306 2006 femina
1334 1966 1436 2019 post
1465 1966 1510 2006 te

363 2031 465 2074 Ulla
496 2031 613 2074 dedit
643 2033 755 2075 collo
787 2033 928 2076 dulcia
958 2035 1102 2077 uincla
1132 2049 1242 2078 meo.

0 2115 7 2134 ⁵
42 2139 47 2142 -
122 2113 207 2157 hoc
225 2116 292 2156 est
315 2114 450 2157 missa
467 2114 733 2158 Lachmanni
760 2117 910 2171 [praef.
928 2132 971 2172 p.
988 2116 1152 2171 XXVI]
1184 2117 1354 2160 ratione
1371 2118 1644 2177 peruersa*):

121 2199 174 2227 ex
203 2199 288 2241 quo
317 2187 361 2228 te
392 2200 536 2228 amare
568 2187 702 2242 coepi,
733 2189 776 2228 et
798 2186 1037 2242 Lycinnam
1069 2190 1112 2230 et
1142 2188 1251 2230 alias
1283 2203 1430 2232 omnes
1461 2191 1644 2246 neglexi.

119 2254 268 2311 itaque
293 2255 330 2298 si
353 2259 443 2298 tres
467 2257 556 2299 fere
575 2272 653 2312 per
680 2271 815 2300 annos
841 2258 1092 2313 Propertius
1118 2274 1162 2301 se
1190 2259 1279 2301 iam
1303 2259 1471 2314 pueHae
1497 2276 1642 2304 amore

38 2372 42 2374 ,
119 2327 259 2368 teneri
288 2327 411 2382 dicit,
448 2327 791 2383 quandoquidem
826 2329 952 2371 initio
984 2345 1020 2372 a.
1052 2330 1107 2372 28
1147 2345 1240 2372 eam
1279 2331 1458 2387 diligere
1490 2334 1643 2388 coepit,

212 2465 247 2512 *)
283 2468 327 2502 ut
356 2466 418 2503 hic
447 2478 522 2503 non
551 2467 730 2514 intellego
769 2480 835 2504 cur
863 2469 1124 2506 Lachmannus
1159 2470 1395 2516 Propertium
1429 2473 1522 2508 haec
1556 2476 1642 2519 post

117 2524 225 2560 illum
255 2537 394 2561 annum
425 2537 498 2572 quo
529 2526 656 2572 pulsus
687 2527 759 2563 fuit
789 2528 949 2565 scribere
978 2540 1054 2565 non
1085 2540 1260 2565 ausurum
1291 2530 1405 2566 fuisse
1437 2532 1554 2577 dicat,
1586 2533 1641 2569 ita

119 2584 244 2620 memte
278 2596 355 2620 non
386 2585 570 2631 perspicio
608 2596 683 2631 quo
721 2586 802 2623 iure
837 2587 937 2623 idem
976 2587 1017 2623 in
1054 2589 1306 2635 computando
1349 2589 1465 2625 totius
1502 2591 1640 2627 amoris

118 2643 239 2688 spafio
272 2643 421 2680 discidii
453 2655 591 2680 annum
626 2646 730 2681 extra
763 2646 946 2682 calculum
979 2647 1070 2692 poni
1103 2647 1237 2684 debere
1272 2648 1484 2685 contendat.
1530 2650 1639 2694 quasi

116 2711 206 2738 uero
230 2702 329 2738 hunc
354 2703 462 2739 anxie
487 2703 697 2749 excepisset
719 2704 751 2739 is
776 2705 840 2749 qui
863 2706 986 2741 totum
1010 2708 1160 2752 tempus
1185 2706 1386 2752 respiciens
1412 2707 1638 2744 exclamauit

119 2759 297 2805 ‘quinque
322 2761 395 2797 tibi
418 2762 525 2808 potui
549 2762 687 2798 seruire
712 2763 872 2800 fideliter
896 2765 1047 2801 annos’!
1091 2777 1179 2801 nam
1203 2766 1282 2811 ipse
1309 2767 1406 2801 certe
1433 2766 1546 2801 etiam
1570 2778 1637 2812 per

116 2828 254 2855 annum
283 2819 392 2856 illum
423 2832 549 2857 amore
579 2821 727 2867 puellae
763 2822 963 2859 tenebatur
1000 2825 1175 2870 omnique
1208 2825 1318 2860 modo
1350 2826 1393 2859 ut
1425 2824 1564 2861 rediret
1596 2826 1635 2861 in

116 2877 279 2920 gratiam
302 2890 388 2914 cum
411 2890 456 2916 ea
478 2880 701 2926 temptabat.

186 2942 369 2971 honum
373 2951 397 2972 s.
1328 2944 1352 2979 d
