1898 3190
216 197 244 232 L
793 198 1173 238 PROLEGOMENA.

216 305 322 348 haec
360 321 395 349 a.
440 308 515 348 aut
561 309 740 348 exeunte
777 307 834 349 26
878 310 954 349 aut
989 308 1163 350 ineunte
1203 309 1260 351 25
1304 310 1489 366 scripsit.
1551 313 1739 354 ceterum

219 377 332 433 quod
363 377 552 419 eiusdem
585 377 785 420 carminis
816 393 885 420 uu.
917 379 1033 421 3·-6
1064 380 1240 422 uixdum
1270 382 1375 437 toga
1411 382 1527 424 uirili
1558 385 1741 438 sumpta,

217 448 300 490 1100
344 450 427 503 est,
477 448 663 490 sedecim
713 449 1069 504 septemdecimue
1113 466 1323 494 annorum
1374 453 1740 496 adulescentulum

221 519 291 571 [cf.
323 519 660 575 Marquardtius‚
699 520 856 564 enchir.
888 522 1021 576 antiq.
1047 521 1169 565 Rom.
1200 522 1239 565 V
1277 525 1318 579 l,
1353 524 1453 577 135]
1494 539 1520 566 a
1549 525 1742 581 Lycinna

220 591 379 633 amoris
413 591 547 633 saeris
578 591 794 634 imbutum
827 606 872 634 se
904 592 1092 635 affirmat
1121 593 1319 648 quodque
1351 595 1406 636 ab
1439 595 1643 637 ancillula
1666 596 1743 639 illa

218 676 309 704 non
340 662 469 703 nimis
502 662 574 703 diu
607 664 780 717 captum
807 677 851 705 se
873 678 966 706 esse
990 666 1084 706 toto
1116 663 1198 706 hoc
1228 664 1322 706 loco
1355 665 1524 708 uidetur
1554 666 1744 724 innuere,

218 735 449 787 propterea
480 748 578 776 eum
610 734 907 790 duodeuiginti
938 734 1026 776 fere
1059 750 1191 777 annos
1230 737 1379 778 natum
1412 734 1643 791 Cynthiam
1673 737 1743 780 de-

220 803 398 858 periisse
439 819 526 846 non
567 805 682 847 iusto
725 805 926 847 audacius
969 806 1234 862 colligemus.
1295 806 1423 861 unde,
1463 821 1560 849 cum
1599 822 1744 852 mono·

220 874 370 917 biblon
403 890 527 917 suum
558 876 630 917 ille
662 890 746 919 11110
779 891 892 920 anno
925 879 1026 932 post
1057 877 1248 933 ediderit,
1280 879 1394 920 reete
1419 877 1614 921 uidemus
1633 878 1745 922 Mar-

220 946 366 987 tialem
407 945 529 998 [XIV
564 948 664 1000 189]
702 948 890 989 iuuenile
927 947 1143 1003 Propertii
1187 963 1359 991 carmen
1399 947 1608 992 laudasse.
1664 966 1744 995 nee

220 1031 307 1059 non
337 1019 492 1072 poetae
525 1033 687 1061 annum
718 1019 907 1060 natalem
940 1019 996 1061 46
1030 1018 1120 1061 81110
1149 1019 1207 1061 45
1240 1035 1275 1062 a.
1296 1017 1395 1062 Chr.
1419 1035 1461 1062 11.
1485 1020 1620 1064 fuisse
1643 1022 1743 1066 hinc

221 1090 336 1130 certo
367 1089 469 1131 licet
499 1090 764 1133 concludere.

340 1160 493 1203 Denuo
527 1163 671 1203 autem
701 1177 786 1216 pax
817 1161 930 1203 inter
962 1163 1155 1204 amantes
1188 1162 1424 1205 constituta
1452 1164 1745 1220 rumpebatur,

221 1234 452 1287 postquam
478 1231 684 1288 Panthus,
716 1233 787 1288 qui
820 1248 856 1274 a.
876 1233 932 1274 26
965 1232 1211 1275 deseruerat
1231 1232 1475 1290 Cynthiam,
1507 1250 1542 1278 a.
1561 1235 1746 1279 fortasse

223 1303 281 1344 24
312 1302 496 1346 Romam
527 1304 716 1346 reuertit.
757 1318 884 1358 quem
915 1304 1058 1359 puella
1089 1318 1203 1347 nouo
1237 1319 1382 1347 amore
1413 1305 1620 1361 instigata
1650 1321 1746 1349 cum

224 1376 447 1430 appeteret
492 1373 583 1431 (III
614 1376 689 1427 20,
724 1377 745 1416 1
775 1390 884 1431 sqq.,
926 1374 970 1416 II
1007 1376 1052 1431 9,
1090 1374 1172 1432 23)
1215 1376 1348 1418 1111880
1392 1376 1635 1433 Propertio,
1677 1378 1748 1420 hic

224 1461 400 1507 operam
433 1462 606 1508 omnem
630 1447 675 1489 in
695 1462 745 1489 ea
769 1447 996 1489 retinenda
1026 1447 1187 1489 frustra
1219 1449 1413 1490 consumi
1443 1448 1592 1491 uidens
1619 1463 1747 1505 seque

223 1518 269 1560 in
306 1518 504 1561 conuiuio
545 1518 730 1574 quodam
768 1518 953 1560 feminae
991 1521 1120 1573 potae
1157 1518 1292 1561 risum
1327 1518 1461 1561 fuisse
1498 1519 1748 1576 indignatus

223 1589 397 1631 tandem
428 1590 473 1631 in
511 1604 636 1632 omne
673 1592 844 1645 tempus
877 1590 930 1632 ab
970 1590 1110 1632 amica
1140 1590 1273 1632 infida
1310 1590 1506 1633 discessit
1537 1590 1629 1633 siue
1667 1591 1746 1633 sub

225 1660 342 1702 exitu
375 1676 411 1703 a.
431 1661 489 1702 24
521 1661 611 1703 81110
642 1660 873 1716 incipiente
905 1676 941 1704 a.
962 1661 1018 1703 23
1050 1660 1122 1716 (cf.
1154 1660 1219 1703 ΠΙ
1251 1662 1333 1716 24„
1350 1661 1407 1703 23
1441 1661 1642 1717 ‘quinque
1666 1661 1749 1704 tibi

223 1732 346 1786 potui
379 1732 539 1774 seruire
558 1732 743 1775 fideliter
769 1731 955 1789 annos').
993 1732 1114 1774 0111118
1140 1732 1282 1774 ultimi
1307 1732 1354 1774 in
1373 1747 1517 1775 amore
1537 1733 1614 1775 1110
1638 1735 1745 1776 tem-

225 1803 342 1858 poris
381 1803 700 1845 uicissitudines
738 1804 880 1845 uarias
921 1802 1077 1859 (ueluti
1114 1803 1414 1846 breuissimum
1453 1817 1531 1859 per
1561 1803 1750 1859 spatium

225 1874 383 1917 nouam
420 1875 813 1917 reconciliationem
851 1875 983 1917 fuisse
1020 1874 1179 1917 factam
1215 1875 1422 1917 nonnulla
1451 1875 1660 1918 indicant:
1698 1874 1749 1918 cf.

225 1945 291 1987 III
324 1946 399 1998 20,
436 1947 484 1987 11
509 1961 617 2003 sqq.,
647 1946 691 1988 II
725 1947 778 1989 12
811 1949 854 1988 et
889 1945 961 2000 13)
1000 1947 1152 1988 melius
1183 1946 1392 2001 dispicere
1431 1946 1558 1989 nobis
1588 1945 1750 2002 liceret,

225 2017 309 2058 nisi
339 2017 386 2058 in
415 2017 527 2059 hanc
558 2018 832 2072 potissimum
858 2018 1065 2060 librorum
1084 2017 1465 2072 Propertianorum
1494 2019 1664 2072 partem
1687 2017 1751 2060 ita

228 2088 456 2130 saeuiisset
479 2088 628 2144 iniqua
658 2088 834 2131 fortuna
859 2092 908 2131 ut
932 2104 1017 2131 una
1038 2104 1133 2131 011111
1158 2089 1276 2131 foliis
1307 2088 1587 2144 transpositis
1617 2087 1751 2131 inter-

227 2159 417 2203 ciderent
446 2160 559 2202 haud
591 2175 741 2216 pauca.
773 2175 852 2202 nos
883 2160 951 2202 his
982 2160 1145 2202 relictis
1173 2175 1287 2202 nunc
1313 2159 1366 2202 ad
1393 2159 1480 2201 alia
1503 2159 1750 2203 transimus.

227 2246 329 2274 nam
366 2246 462 2273 011111
493 2234 636 2274 cetera
672 2232 863 2274 carmina
901 2231 1138 2287 particulae
1178 2231 1292 2273 illius
1324 2230 1369 2272 II
1402 2231 1425 2273 7
1440 2230 1559 2273 -13
1590 2230 1638 2272 in
1667 2233 1751 2272 ter-

228 2303 338 2345 tium
369 2304 571 2345 uolumen
602 2303 726 2345 unice
758 2303 986 2345 conuenire
1019 2303 1175 2344 attenti
1205 2302 1407 2357 lectores,
1437 2303 1487 2344 ut
1515 2304 1634 2358 puto,
1657 2301 1750 2358 ‚iam

231 2374 533 2429 intellexerint,
564 2377 701 2416 restat
732 2376 780 2416 ut
811 2374 861 2416 de
894 2374 1059 2416 duobus
1091 2373 1300 2416 nonnulla
1331 2372 1499 2415 addam.

349 2445 526 2500 Elegiae
564 2445 607 2486 II
642 2446 695 2487 10
726 2460 794 2488 1111.
831 2445 1000 2487 13-18
1039 2445 1272 2499 respiciunt
1308 2459 1377 2486 res
1415 2443 1603 2500 Augusti
1637 2443 1752 2485 intra

232 2532 268 2559 a.
301 2516 477 2559 23-—20
508 2519 654 2572 gestas
690 2516 761 2569 [cf.
780 2515 1073 2558 Mommsenus
1100 2516 1146 2557 in
1178 2529 1368 2557 monum.
1388 2514 1548 2568 Ancyr.
1568 2516 1752 2556 enarrat.

231 2605 270 2644 p.
292 2588 347 2630 73
369 2601 478 2643 sqq.,
515 2586 850 2643 Luetiohannus,
881 2589 1105 2629 comment.
1137 2585 1264 2641 Prop.
1295 2601 1335 2640 p.
1364 2585 1459 2640 79],
1491 2585 1565 2626 sed
1595 2586 1659 2627 ita
1689 2599 1751 2627 re-

232 2660 420 2715 spiciunt
458 2660 509 2701 ut
553 2659 644 2714 spei
687 2660 845 2714 laetae,
888 2673 973 2714 qua
1017 2657 1333 2713 expeditionem
1379 2658 1530 2698 contra
1572 2645 1749 2714 orientis

233 2734 384 2788 gentes
435 2730 752 2786 suscipiendam
802 2730 1171 2785 prosequebantur
1219 2727 1423 2782 Romani,
1472 2726 1751 2782 interpretem

233 2816 366 2858 agens
405 2805 526 2844 uates
563 2801 763 2856 Augusto
802 2800 941 2843 adhuc
977 2800 1142 2843 Romae
1187 2798 1378 2841 uersanti
1419 2797 1565 2840 fausta
1607 2797 1752 2840 omnia

234 2875 446 2916 ominetur
470 2886 809 2928 praeconemque
832 2871 1113 2914 uictoriarum
1138 2871 1383 2912 futurarum
1405 2883 1497 2910 sese
1522 2867 1752 2923 promittat

234 2944 306 3001 (cf.
343 2960 383 2987 11.
425 2945 476 2986 19
511 2943 603 3000 sq).
670 2943 791 2985 nulla
838 2942 973 2999 igitur
1030 2957 1160 2984 causa
1214 2939 1471 2995 impedimur
1525 2939 1752 2994 quominus

1867 992 1876 1028 .—
