1898 3190
702 116 1079 154 PROLEGOMENA
1504 117 1663 152 XXXIII

138 229 331 272 studium
347 227 625 284 requirebant
647 229 851 282 poemata
875 225 1088 269 amatoria
1112 228 1205 268 arte
1223 225 1515 278 Alexandrina
1533 226 1663 268 facta.

137 299 292 356 quodsi
314 298 626 341 Anacreonteis
651 298 820 341 leuibus
844 297 1102 353 ludicrisque
1128 297 1319 339 carmina
1342 297 1508 339 laboris
1532 298 1663 352 plena

137 371 344 427 opposuit
371 370 639 426 Propertius,
667 369 768 412 hinc
799 384 907 411 ansa
937 369 1040 410 data
1071 371 1138 410 est
1163 368 1218 410 ad
1242 368 1505 423 expedienda
1530 369 1663 411 uerba

139 441 292 485 ‘satius
320 441 459 484 Musis
489 440 751 484 memorem'.
799 454 910 495 quae
935 440 973 482 si
998 442 1091 482 arte
1115 440 1315 482 uolumus
1338 441 1541 494 tractare,
1573 455 1662 482 om-

136 527 237 556 nem
272 513 557 556 mutationem
601 512 918 554 continebimus
961 511 1008 553 in
1044 511 1269 553 uocabulis
1307 509 1488 553 ‘satius’
1528 509 1663 568 (quod

138 587 290 628 contra
313 582 542 627 Schraderi
567 583 851 626 offensionem
875 582 1107 625 artificiose
1132 582 1323 624 defendit
1340 581 1388 624 L.
1408 580 1663 637 Muellerus)

138 658 183 698 et
211 654 476 699 ‘memorem'
508 670 534 697 a
563 670 609 697 re
639 655 820 697 metrica
849 654 1022 696 uitioso.
1070 656 1114 695 et
1144 641 1227 696 1100
1252 653 1425 709 quidem
1455 654 1503 695 111
1532 653 1665 696 inter-

137 727 287 783 polato
317 726 505 783 quodam
535 726 682 768 codice
713 726 875 780 optime
912 727 1045 781 utque
1082 725 1222 767 lenior
1258 724 1425 766 medela
1454 724 1560 780 fingi
1590 738 1663 765 ne-

139 800 269 854 queat
283 798 331 840 in
349 796 602 840 ‘meliorem'
621 799 861 839 correctum
880 799 965 852 est3
995 795 1164 838 ‘satius'
1184 798 1328 838 autem
1354 811 1406 838 ex
1425 794 1663 852 ‘grauibus'

139 869 421 924 deprauatum
455 870 582 923 puto,
618 870 667 910 ut
697 868 760 909 sic
790 868 898 909 bene
929 881 1099 909 currere
1130 867 1237 908 1111111
1268 882 1417 909 uersus
1447 867 1664 909 uideatur:

137 939 201 982 ‘tu
232 939 434 994 yrauibus
463 938 600 981 Musis
639 939 859 981 meliorem
897 938 1065 980 imitere
1096 937 1344 991 Philetam’,
1374 938 1400 979 i.
1432 952 1467 980 e.
1474 971 1486 992 ‚
1523 938 1666 992 aptior

138 1010 412 1053 Anacreonte
456 1012 523 1052 est
567 1009 781 1064 Philetas,
820 1024 947 1064 quem
988 1023 1136 1051 seuera
1175 1012 1252 1051 tua
1290 1008 1418 1051 Musa
1458 1009 1668 1062 imitetu13

138 1081 191 1124 cf.
220 1081 349 1136 Prop.
377 1080 399 1123 I
429 1081 472 1136 9,
501 1081 529 1123 9
562 1079 680 1136 ‘quid
708 1081 791 1123 tibi
820 1095 935 1122 nunc
964 1081 1121 1123 misero
1152 1080 1330 1135 prodest
1361 1093 1494 1136 graue
1526 1079 1684 1121 dicere-

139 1151 346 1196 carmen'.
404 1152 514 1194 talia
555 1154 700 1194 autem
745 1154 1018 1208 argumenta,
1067 1152 1114 1193 in
1158 1152 1312 1207 quibus
1355 1165 1474 1193 more
1517 1151 1666 1193 modo·

141 1238 225 1280 que
278 1222 671 1266 Alexandrinorum
723 1237 891 1265 amores
945 1223 1125 1265 tractari
1182 1223 1425 1277 potuerint,
1480 1222 1662 1264 indicari

139 1309 211 1337 uu.
233 1294 409 1337 33—38
443 1309 557 1336 1111110
589 1294 809 1336 adsentior
838 1293 1147 1350 Hertzbergio,
1179 1292 1507 1336 Schneidewino
1540 1292 1662 1346 [Got-

138 1365 283 1421 tinget
323 1363 413 1407 Gel.
444 1365 551 1407 Anz.
587 1365 698 1408 1846
735 1380 774 1420 p.
805 1365 893 1407 975
906 1367 1037 1420 sqq.]‚
1073 1364 1214 1406 Birtio
1254 1366 1380 1418 [mus.
1411 1364 1548 1406 Rhen.
1580 1364 1608 1406 l.
1638 1364 1665 1406 l.

139 1451 183 1492 p.
210 1437 331 1490 413].

257 1507 319 1550 Et
352 1507 459 1550 haec
497 1508 668 1563 quidem
705 1508 757 1550 de
794 1507 927 1550 uariis
964 1509 1109 1549 textus
1139 1507 1413 1562 Propertiani
1444 1506 1565 1548 uitiis
1596 1506 1668 1548 ad-

140 1579 293 1621 tulisse
323 1579 431 1620 satis
462 1581 567 1620 esto.
615 1579 794 1620 minime
825 1578 938 1620 enim
970 1579 1115 1620 omnia
1152 1578 1222 1620 1110
1260 1591 1467 1633 peragere
1499 1578 1668 1619 animus

142 1653 236 1692 erat
263 1650 429 1693 cunctis
459 1650 505 1691 in
537 1664 717 1691 examen
747 1650 915 1691 uocatis
945 1649 1064 1704 locis,
1095 1650 1228 1692 immo
1253 1649 1402 1704 paucis
1428 1648 1666 1703 propositis

142 1721 347 1776 exemplis
377 1720 606 1775 potissima
636 1734 794 1776 genera
824 1735 959 1775 eaque
991 1720 1078 1762 fere
1109 1735 1219 1776 quae
1250 1721 1390 1762 minus
1422 1719 1562 1762 adhuc
1596 1720 1668 1761 ad-

142 1794 365 1834 uerterunt
393 1791 544 1835 doctos
575 1792 765 1834 indicare
797 1792 927 1834 uolui.

259 1863 344 1906 Est
371 1862 623 1918 Propertius
662 1877 772 1905 unus
808 1877 860 1904 ex
900 1863 962 1904 eis
1001 1862 1161 1918 poetis,
1201 1877 1382 1917 quorum
1426 1862 1670 1904 emendatio

144 1938 194 1978 ut
215 1935 378 1978 inmani
400 1935 676 1978 librariorum
700 1934 975 1989 corruptione
999 1934 1062 1975 ita
1085 1934 1278 1989 ipsorum
1303 1933 1471 1976 ratione
1497 1932 1666 1974 dicendi

143 2005 449 2062 cogitandique
487 2005 674 2048 difficilis
712 2006 770 2047 sit
806 2007 936 2060 atque
974 2005 1194 2060 impedita.
1249 2020 1373 2047 suam
1413 2004 1532 2046 haud
1570 2018 1669 2045 raro

144 2075 343 2119 semitam
377 2076 481 2118 terit
515 2079 644 2131 poeta
679 2075 860 2131 Umber,
898 2076 996 2118 dum
1036 2076 1234 2132 uulgaria
1270 2075 1431 2132 refugit
1467 2090 1667 2131 nouaque

144 2149 311 2203 captat,
346 2148 508 2203 partim
544 2148 660 2190 felici
696 2163 800 2190 usus
838 2147 1016 2189 audacia
1052 2147 1214 2202 partim
1251 2148 1478 2201 obscurus3
1525 2161 1671 2202 quam-

145 2233 275 2274 quam
311 2219 348 2261 si
383 2219 498 2261 bona
539 2218 716 2261 fortuna
751 2218 878 2260 1101113
914 2218 1165 2260 indulsisset
1201 2219 1291 2260 eius
1329 2217 1496 2260 codices
1537 2232 1670 2272 aeque

145 2289 283 2332 bonos
320 2304 450 2352 quam
483 2290 694 2332 habemus
727 2304 789 2332 ex.
821 2303 884 2346 gr.
914 2290 961 2331 in
998 2289 1141 2332 Ouidii
1178 2289 1396 2344 opusculis
1435 2288 1671 2342 amatoriis,

145 2359 235 2402 iam
269 2374 360 2402 non
397 2375 670 2416 quereremur
705 2362 811 2415 puto
848 2360 899 2402 de
935 2361 1042 2403 locis
1080 2360 1288 2402 obscuris,
1336 2360 1383 2402 111
1411 2360 1492 2401 tali
1525 2362 1669 2401 autem

145 2433 264 2486 uate,
293 2431 331 2473 si
360 2431 406 2474 in
437 2445 522 2486 quo
553 2431 650 2485 alio,
680 2431 901 2473 assiduum
931 2432 1046 2472 inter
1076 2445 1122 2473 se
1153 2433 1308 2486 gerunt
1343 2431 1506 2472 bellum
1542 2430 1672 2472 inter-

146 2503 289 2556 pretes
321 2502 562 2557 criticique‚
598 2504 647 2544 ut
682 2504 829 2544 tamen
859 2502 1032 2544 illorum
1062 2501 1202 2543 maior
1239 2501 1296 2543 sit
1334 2501 1477 2556 culpa,
1514 2500 1671 2556 quippe

147 2571 224 2626 qui
255 2572 399 2614 omnia
434 2573 519 2615 sibi
550 2572 777 2615 uideantur
805 2573 1074 2628 intellegere,
1105 2572 1179 2627 qui
1210 2572 1417 2627 exemplis
1450 2586 1578 2626 saepe
1609 2571 1673 2612 nil

148 2643 531 2696 comprobantibus
572 2645 648 2685 aut
686 2645 862 2686 externa
902 2643 1198 2685 similitudinis
1240 2643 1380 2698 specie
1420 2642 1672 2684 fallentibus

147 2710 429 2766 inprudenter
475 2715 673 2767 utantur,
722 2714 796 2768 qui
839 2714 969 2756 etiam
1013 2715 1076 2757 ibi
1118 2714 1192 2756 ubi
1235 2714 1410 2755 minime
1461 2713 1674 2768 quadrant

149 2781 326 2825 dilectas
353 2783 439 2825 sibi
461 2784 623 2839 figuras
650 2784 838 2838 poeticas
863 2785 1154 2840 formulasque
1179 2784 1485 2841 grammaticas
1517 2785 1562 2825 in
1586 2797 1672 2825 me-

151 2852 268 2895 dium
298 2854 521 2909 proferant
549 2853 828 2909 nesciantque
854 2869 933 2897 suo
958 2869 1304 2911 unumquemque
1330 2855 1474 2896 locum
1500 2854 1673 2896 modulo

222 2929 434 2956 houm-ms.
1370 2935 1389 2959 Ο
