1898 3190
227 170 312 212 106
670 171 930 207 PROPERTH
955 172 1045 208 LIB.
1072 173 1135 209 111.
1164 177 1194 208 1.
1223 173 1290 220 [2.]

340 279 406 321 Ne
438 293 533 321 mea
565 281 810 334 contempto
842 280 952 335 lapis
984 280 1146 323 indicelz
1177 295 1276 324 ossa
1307 283 1519 337 sepulcro,

400 350 628 392 Prouisum
659 353 725 392 est
756 350 886 406 Lycio
920 354 1022 394 uota
1052 353 1263 407 probante
1297 353 1388 397 deo.

342 420 554 463 Carminis
587 421 752 463 interea
782 422 921 464 noslzri
952 422 1176 465 redeamus
1207 423 1254 465 in
1286 424 1453 467 orbem:

282 502 327 534 40
403 491 599 534 Gaudeat
629 492 675 533 in
709 493 837 535 solito
869 495 987 536 taeta
1017 495 1162 548 puella
1194 509 1313 537 sono.

262 577 328 628 [II]
347 574 521 629 Orphea
552 575 764 617 delenisse
795 575 908 618 feras
941 578 984 618 ei]
1015 577 1183 619 concita
1216 577 1362 620 dicunt

399 645 598 687 Flumina
629 645 826 688 Threicia
858 647 1116 690 sustinuisse
1147 648 1260 703 lyra:

341 715 452 759 Saxa
484 715 756 759 Cisshaeronis
788 717 957 760 Thebas
990 719 1158 774 agilzata
1188 734 1264 774 per
1298 722 1436 763 artem

400 785 562 842 Sponte
594 802 672 830 sua
702 788 749 830 in
781 789 891 830 muri
923 790 1118 832 membra
1149 790 1286 832 coisse
1318 791 1481 835 ferunt:

303 858 453 909 5Quin
485 859 633 914 eiiam,
665 858 948 916 Polypheme,
979 860 1071 902 fera
1104 859 1287 903 Galatea
1319 863 1398 905 sub
1430 862 1574 906 Aetna

400 929 468 971 Ad
499 931 576 971 tua
607 932 804 972 rorantes
836 931 1027 973 carmina
1057 931 1180 974 flexit
1211 947 1361 988 equos:

338 1000 565 1056 Miremur,
594 1001 722 1043 nobis
755 1003 797 1042 et
828 1000 1000 1044 Baccho
1032 1004 1076 1044 et
1106 1002 1310 1057 Apolline
1341 1003 1489 1047 dextro

398 1071 544 1113 Turba
573 1072 815 1127 puellarum
848 1073 884 1114 si
916 1087 1011 1115 mea
1043 1074 1175 1116 uerba
1206 1074 1339 1116 colit?

344 1142 467 1193 Quod
497 1158 585 1185 non
617 1142 847 1186 Taenareis
880 1143 1031 1186 domus
1063 1147 1128 1186 esi:
1159 1144 1265 1187 mihi
1295 1145 1410 1188 fulta
1441 1146 1674 1201 columnis,

281 1226 323 1257 10
398 1214 487 1256 Nee
519 1229 688 1256 camera
721 1217 894 1257 auratas
926 1215 1037 1257 inter
1069 1215 1231 1258 eburna
1261 1217 1425 1272 trabes,

337 1285 428 1328 Nee
459 1300 555 1328 mea
585 1286 807 1329 Phaeacas
841 1290 1028 1341 aequant
1058 1288 1258 1342 pomaria
1289 1287 1442 1343 siluas,

398 1355 500 1399 Non
532 1371 716 1411 operosa
745 1358 862 1414 rigat
892 1358 1080 1400 Marcius
1115 1360 1240 1401 antra
1272 1359 1431 1414 liquor:

337 1426 398 1469 Al:
428 1427 578 1470 Musae
610 1429 788 1471 comites
798 1462 810 1484 >
842 1430 886 1470 el:
917 1429 1107 1471 carmina
1139 1444 1238 1471 cara
1269 1430 1454 1486 legenti,

398 1497 487 1541 Nec
520 1499 688 1542 defessa
720 1499 861 1542 choris
895 1498 1115 1554 Calliopea
1146 1500 1265 1542 meis.

283 1580 324 1612 15
339 1569 594 1626 Fortunata,
625 1585 721 1612 meo
755 1570 791 1612 si
823 1585 907 1625 qua
939 1585 983 1613 es
1016 1571 1232 1613 celebrata
1264 1571 1430 1614 libello!

401 1640 602 1684 Carmina
635 1644 760 1684 erunt
790 1642 954 1683 formae
986 1644 1054 1684 tot
1084 1645 1363 1685 monumen’na
1393 1646 1504 1686 tuae.

343 1711 458 1755 Nam
489 1728 625 1768 neque
657 1712 928 1768 pyramidum
961 1715 1156 1767 sumptus
1189 1714 1242 1755 ad
1274 1713 1413 1756 sidera
1443 1714 1576 1771 ducti,

397 1783 488 1826 Nec
519 1784 637 1826 Iouis
668 1783 767 1825 Elei
799 1784 963 1825 eaelum
994 1783 1164 1826 imitata
1196 1784 1365 1840 domus,

314 1900 404 1936 VAR.
425 1913 524 1936 mser.
575 1904 619 1936 37
645 1899 760 1945 lapsis
785 1903 816 1933 N
840 1900 916 1945 1138
941 1900 1163 1945 promissum
1188 1903 1218 1934 V
1242 1912 1313 1946 my.
1337 1913 1382 1937 m.
1409 1904 1435 1938 2
1463 1903 1468 1947 Ι
1502 1903 1560 1938 est
1583 1913 1649 1938 om.
1675 1906 1702 1936 F
1742 1900 1747 1950 1

220 1959 303 1995 litio
329 1964 356 1994 F
382 1960 469 1996 licio
495 1963 526 1994 N
551 1959 648 2005 licyo
674 1962 704 1993 V
741 1960 753 2005 ΙΙ
789 1972 812 1995 α
837 1970 873 1994 u.
900 1963 945 1994 39
970 1970 1107 1995 ‘nouam
1131 1960 1278 1996 incohat
1303 1961 1452 2006 eleyiam
1477 1963 1502 1995 0
1528 1960 1590 2007 (ad
1613 1960 1750 1996 librum

220 2031 327 2054 suum
351 2023 380 2054 1)
399 2022 430 2053 V
455 2020 503 2055 ad
528 2019 666 2055 librum
693 2019 894 2054 secundum
919 2023 946 2052 F
971 2019 1191 2065 inscribunt)
1228 2020 1241 2065 ΙΙ
1277 2024 1323 2056 40
1359 2020 1414 2066 in]
1440 2021 1482 2056 ut
1512 2023 1542 2054 V
1572 2031 1618 2056 m.
1643 2023 1670 2057 2
1694 2018 1750 2055 in-

221 2078 331 2115 solito
358 2082 390 2113 N

314 2138 391 2184 [IL]
442 2138 518 2173 Hic
549 2138 661 2183 uulyo
691 2148 828 2173 nouum
863 2149 1007 2173 carmen
1032 2139 1071 2183 (0
1098 2138 1143 2173 ab
1169 2138 1185 2172 I
1212 2139 1290 2184 39);
1325 2138 1449 2173 omnia
1479 2138 1663 2174 cohaerere
1693 2138 1750 2174 ui-

219 2198 352 2233 derunt
378 2198 551 2233 Muretus
575 2201 607 2233 et
632 2197 795 2243 Scaliyer
813 2198 826 2242 ΙΙ
847 2201 864 2232 1
891 2197 1069 2243 Horphea
1093 2201 1139 2242 Ι),
1158 2200 1188 2231 V
1213 2209 1257 2233 m.
1283 2200 1305 2232 1
1337 2199 1341 2242 Ι
1370 2195 1545 2233 delinisse
1563 2197 1750 2244 Ayrmom-

218 2268 305 2292 nus:
343 2256 554 2293 detenuisse
579 2259 624 2300 F,
644 2258 674 2289 V
699 2267 743 2291 m.
770 2259 791 2290 1
830 2255 1034 2291 detinuisse
1060 2259 1090 2290 V
1124 2267 1169 2293 m.
1195 2259 1239 2301 2,
1270 2259 1302 2290 N
1341 2257 1377 2291 te
1408 2254 1571 2291 tenuisse
1601 2259 1631 2290 D
1672 2257 1686 2301 ll
1727 2259 1749 2291 2

220 2316 352 2352 traitia
375 2320 402 2350 F
429 2315 561 2351 treicia
586 2318 617 2349 Ν
664 2316 671 2360 Ι
717 2314 991 2360 su(b)s†‚inuisse
1016 2319 1043 2348 F
1063 2319 1113 2351 Ν.
1140 2315 1341 2351 detinuisse
1365 2319 1394 2349 1)
1413 2318 1444 2349 V
1479 2315 1493 2360 ss
1528 2319 1549 2350 3
1576 2314 1750 2351 citeronis

218 2381 246 2409 1)
266 2379 295 2409 V
321 2377 361 2421 (F
387 2388 431 2411 m.
459 2376 516 2420 2):
545 2374 724 2410 ciceronis
749 2378 777 2408 F
795 2377 827 2408 N
855 2375 860 2419 Ι
890 2375 997 2410 tebas
1021 2378 1064 2419 F;
1091 2375 1308 2410 Thebanam
1334 2375 1512 2410 Heinsius
1535 2373 1750 2410 Phoebeam

218 2435 279 2470 uir
304 2435 430 2470 doctus
463 2423 772 2470 Misc.0bss.11'
799 2437 864 2469 109
908 2435 920 2479 ΙΙ
962 2437 984 2468 4
1016 2433 1055 2468 in
1081 2434 1176 2469 muri
1200 2439 1228 2468 Ι)
1247 2439 1292 2469 V:
1317 2433 1468 2469 imineri
1490 2437 1518 2467 F
1542 2433 1582 2468 in
1605 2433 1751 2469 numeri

217 2496 248 2527 N
279 2494 291 2538 ΙΙ
326 2497 346 2528 5
371 2492 513 2538 poliph.
539 2497 566 2527 F
589 2494 594 2539 1
617 2493 794 2538 galathea
820 2495 844 2526 0
867 2493 872 2536 Ι
895 2492 983 2528 etha
1008 2496 1035 2526 F
1054 2496 1086 2526 N
1113 2493 1240 2537 (ethna
1265 2497 1292 2527 F
1317 2504 1362 2529 m.
1388 2494 1428 2538 2)
1463 2492 1475 2537 ΙΙ
1513 2496 1532 2528 7
1559 2492 1686 2528 nostro
1712 2493 1750 2528 et

219 2553 336 2587 bacco
363 2554 402 2587 et
427 2551 603 2597 appoline
628 2555 657 2585 F
681 2553 694 2598 ΙΙ
720 2556 740 2587 9
768 2551 845 2595 Que
872 2555 899 2584 F
923 2563 968 2587 m.
996 2555 1016 2586 1
1041 2553 1046 2597 Ι
1067 2550 1229 2588 tenareis
1256 2555 1280 2586 0
1307 2552 1340 2597 (r
1363 2563 1478 2597 supra
1503 2562 1550 2587 en
1572 2555 1600 2585 F
1625 2562 1670 2588 m.
1696 2552 1749 2596 2),

218 2611 373 2647 tenariis
400 2622 421 2649 ς
452 2612 464 2656 ΙΙ
498 2615 539 2646 11
566 2611 704 2647 feacias
728 2614 755 2644 F
780 2610 1012 2656 ph(a)eacias
1037 2615 1065 2645 D
1085 2614 1117 2645 Ν
1142 2610 1312 2656 pheatias
1338 2611 1437 2659 (phe.
1462 2622 1508 2646 m.
1535 2611 1576 2656 2)
1600 2613 1631 2644 V
1659 2611 1673 2655 ΙΙ
1704 2613 1747 2646 12

217 2670 380 2706 marcius
407 2680 445 2707 ς;
472 2669 628 2706 martius
655 2673 680 2704 0
702 2669 708 2717 Ι
730 2671 852 2714 ant-ra]
879 2672 965 2705 ante
990 2673 1038 2714 N3
1066 2681 1156 2705 arua
1180 2670 1405 2706 Schradcrus
1434 2670 1447 2714 ΙΙ
1479 2673 1522 2704 13
1554 2669 1606 2704 Ut
1628 2673 1658 2703 1>
1684 2669 1748 2714 (At

218 2733 247 2764 V
273 2731 327 2765 ita
351 2733 393 2765 ut
412 2730 444 2764 A
469 2740 513 2764 ατ
535 2726 629 2765 corr.
650 2730 711 2774 sit)
734 2731 738 2774 Ι
761 2728 914 2764 comites
934 2732 1005 2764 eCF
1019 2732 1052 2764 et
1065 2732 1094 2762 V
1112 2741 1157 2764 m.
1178 2732 1221 2765 2:
1248 2728 1376 2764 comiti
1393 2732 1421 2762 F
1446 2728 1591 2764 comitis
1608 2730 1724 2762 BNV
1741 2727 1745 2774 Ι

219 2800 304 2824 cara
330 2792 372 2823 0:
398 2788 509 2835 grata.
535 2798 556 2826 ς
584 2789 596 2834 11
623 2791 667 2823 14
691 2788 771 2823 Nec
795 2788 942 2833 scripsi:
968 2787 1018 2823 Et
1042 2791 1067 2822 0
1093 2789 1172 2833 (om.
1199 2790 1243 2833 N)
1267 2790 1272 2833 Ι
1295 2787 1388 2823 coris
1413 2791 1441 2822 F
1471 2788 1484 2833 ΙΙ
1515 2791 1559 2823 15
1582 2787 1749 2823 Fortuna

217 2852 244 2882 F
266 2849 271 2893 Ι
294 2859 333 2884 es
359 2857 396 2886 ςε
424 2848 481 2883 est
506 2850 531 2881 0
558 2850 638 2892 (om.
664 2850 694 2881 V
718 2859 763 2884 m.
789 2847 826 2892 1)
849 2847 854 2891 1
879 2847 1030 2882 eantaba
1054 2849 1084 2880 V
1109 2858 1178 2892 my.
1205 2858 1249 2883 m,
1275 2850 1301 2883 2
1332 2847 1344 2892 ΙΙ
1377 2849 1420 2882 15
1446 2845 1580 2892 piram.
1606 2849 1634 2880 F
1661 2846 1674 2891 ΙΙ
1702 2849 1747 2884 18

217 2907 290 2944 olei
315 2911 342 2941 F
367 2918 412 2943 m.
439 2909 459 2942 1
487 2905 583 2942 elaei
607 2910 636 2940 n
