1898 3190
0 1936 22 2010 {ss

8 2012 24 2092 ἑ

0 2099 21 2192 j.

0 2192 28 2294 ἑ

0 2304 44 2806 ἐξ

654 181 912 219 PROPRB'I'II
937 182 1028 218 Lm.
1053 183 1117 219 ΙΙΙ.
1146 187 1176 219 1.
1601 182 1687 223 105

222 301 265 333 15
277 282 435 345 Multi,
454 290 611 346 Roma,
642 293 740 333 tuas
770 291 918 333 laudes
949 291 1177 333 annalibus
1209 290 1385 345 addent,

337 361 421 411 Qui
452 361 582 404 finem
612 361 781 417 imperii
811 361 971 404 Baetra
999 362 1148 404 futura
1178 363 1355 404 canent:

278 430 379 488 Sed,
410 432 525 488 quod
556 447 660 487 paee
690 432 833 489 legas,
864 447 973 487 opus
1003 433 1086 475 hoe
1116 433 1167 475 de
1199 436 1346 475 monte
1378 447 1574 475 sororum

337 503 504 546 Detulit
533 503 698 546 intacta
727 503 889 560 pagina
917 506 1068 546 nostra
1098 503 1182 545 uia.

277 574 445 630 Mollia,
474 574 724 633 Pegasides,
755 575 854 617 date
885 577 1030 619 uestro
1064 577 1178 617 serta
1208 578 1385 630 poetae:

219 657 266 688 2ο
337 645 439 689 Non
468 646 600 689 faciet
630 646 763 701 capiti
793 645 901 688 dura
930 660 1089 688 corona
1119 661 1229 688 meo.

278 716 341 760 At
370 717 478 759 mihi
509 717 622 772 quod
652 717 755 759 uiuo
785 716 1020 759 detraxerit
1050 717 1198 759 inuida
1227 717 1374 770 turba,

336 787 444 831 Post
474 789 641 831 obitum
672 787 833 843 duplici
863 787 1011 829 fenore
1042 787 1192 829 reddet
1222 787 1386 830 Honos.

278 859 436 903 Omnia
465 862 566 915 post
595 859 763 902 obitum
792 858 922 914 fingit
952 859 1117 901 maiora
1147 861 1362 902 uetustas:

337 929 478 973 Maius
510 930 565 973 ab
596 930 787 986 exequiis
818 943 979 972 nomen
1009 929 1056 971 in
1087 944 1164 972 ora
1194 931 1326 972 uenit.

218 1013 264 1045 25
277 1001 391 1045 Nam
422 1001 519 1057 quis
550 1015 659 1057 equo
690 1001 839 1055 pulsas
871 999 1057 1055 abiegno
1088 1004 1287 1043 nosceret
1318 1016 1459 1057 arces,

337 1072 620 1127 Fluminaque
650 1070 892 1114 Haemonio
923 1071 1162 1114 comminus
1193 1071 1280 1114 isse
1311 1072 1404 1114 uiro

276 1143 454 1187 Idaeum
485 1142 710 1186 Simoenta
738 1142 856 1185 Iouis
888 1157 986 1185 eum
1015 1143 1140 1198 prole
1171 1142 1458 1199 Scamandro,

336 1214 526 1257 Hectora
554 1228 633 1269 per
663 1228 838 1269 campos
869 1215 937 1256 ter
966 1214 1206 1256 maculasse
1236 1217 1356 1258 rotas
1370 1215 1392 1257 ‘3

278 1285 635 1341 Deiphobumque
658 1284 955 1340 Helenumque
982 1287 1026 1327 et
1049 1285 1364 1340 Polydamanta
1390 1290 1433 1329 et
1457 1287 1502 1329 in
1528 1288 1660 1330 armis

218 1369 265 1400 30
337 1356 699 1412 Qualemcumque
728 1355 873 1397 Parim
903 1356 977 1398 uix
1009 1371 1087 1399 sua
1116 1359 1267 1399 nosset
1297 1357 1469 1401 humus.
1672 1362 1677 1364 “

276 1428 449 1483 Exiguo
480 1441 677 1470 sermone
707 1427 823 1469 fores
853 1441 985 1479 nune,
1016 1426 1132 1470 Ilion
1162 1429 1206 1469 et
1236 1430 1284 1469 tu

336 1498 467 1541 Troia
497 1498 563 1540 bis
596 1497 745 1540 Oetaei
775 1498 951 1540 numine
981 1500 1110 1553 capta
1141 1499 1221 1541 dei.

277 1570 370 1614 Nee
398 1585 487 1612 non
516 1569 590 1611 ille
618 1569 684 1611 tui
714 1584 839 1611 casus
870 1572 1133 1612 memorator
1162 1569 1378 1613 Homerus

337 1641 599 1684 Posteritate
630 1655 755 1686 suum
786 1654 975 1682 erescere
1007 1641 1144 1683 sensit
1175 1656 1295 1701 opus.

220 1723 266 1755 35
278 1712 350 1755 Me
380 1726 548 1768 quoque
578 1726 655 1767 per
686 1725 805 1754 seros
835 1711 1031 1753 laudabit
1060 1711 1202 1754 Roma
1231 1715 1433 1767 nepotes:

337 1782 468 1826 Illum
498 1785 599 1838 post
629 1783 791 1825 cineres
822 1796 1012 1839 auguror
1042 1783 1135 1837 ipse
1167 1782 1291 1825 diem.

256 1969 348 2005 Vn.
373 1982 472 2006 nze-r.
524 1975 567 2006 16
592 1971 718 2007 battra
741 1974 769 2004 r
790 1972 796 2017 1
818 1972 954 2006 canant
978 1981 1000 2008 ς
1025 1972 1038 2016 11
1063 1974 1106 2006 17
1132 1971 1178 2006 de
1202 1970 1306 2007 fonte
1332 1972 1385 2016 ς11
1406 1976 1448 2007 19
1473 1974 1601 2009 nostro
1626 1978 1654 2008 P
1684 1982 1685 1985 ’

160 2031 287 2066 uestro
311 2030 399 2065 date
423 2033 454 2064 V
478 2042 523 2066 m.
550 2031 603 2076 211
626 2035 671 2065 21
699 2030 862 2065 detraxit
885 2034 913 2064 r
938 2030 1152 2066 detraxerat
1174 2033 1205 2064 V
1228 2042 1275 2066 m.
1300 2034 1326 2066 2
1348 2032 1354 2076 1
1375 2030 1527 2067 inuidaa
1551 2036 1583 2066 Π
1606 2035 1620 2078 11
1643 2038 1687 2069 22

161 2089 324 2135 duplioei
346 2092 379 2124 11
399 2090 405 2134 1
427 2085 577 2125 foenore
601 2094 630 2124 Ι)
649 2093 680 2123 V
701 2092 706 2133 1
727 2089 859 2125 reddet
876 2093 904 2123 P
929 2101 974 2124 m.
1000 2092 1044 2134 2,
1068 2093 1099 2123 V
1116 2101 1162 2124 m.
1183 2093 1227 2126 2:
1253 2089 1378 2125 reddit
1397 2093 1422 2124 0
1448 2090 1513 2136 (Ut
1531 2091 1625 2127 mihi
1644 2113 1687 2118 —

161 2147 296 2184 reddat
320 2148 586 2193 Marklandus)
608 2150 612 2193 Ι
635 2149 751 2185 honos
777 2159 815 2186 ςε
842 2159 934 2184 onus
960 2149 1017 2193 011
1044 2152 1089 2183 23
1116 2147 1251 2184 Omnia
1275 2151 1318 2184 0:
1344 2149 1459 2185 Fame
1484 2153 1516 2183 Π
1537 2151 1542 2194 1
1563 2151 1690 2194 {obi-

160 2209 242 2242 tum
265 2209 297 2240 V
317 2209 323 2251 1
343 2208 514 2242 uetustae
539 2210 571 2240 Π
587 2209 601 2252 Ι
619 2211 665 2243 24
688 2208 782 2243 hora
806 2211 834 2241 r
851 2208 865 2252 11
883 2211 928 2242 25
954 2207 1002 2242 ob
1029 2218 1144 2253 regno
1162 2210 1194 2241 V
1219 2209 1327 2253 (corr.
1347 2220 1415 2254 my.
1435 2221 1480 2244 m.
1500 2212 1541 2254 2)
1563 2211 1568 2254 1
1590 2211 1690 2245 artes

163 2269 207 2310 0,
231 2276 324 2301 corr.
350 2275 372 2303 ς
401 2266 415 2310 Ι
445 2270 490 2301 26
514 2266 745 2310 Flumineaq3
770 2269 798 2299 1²
831 2270 837 2311 1
871 2266 1045 2302 hemonio
1069 2269 1098 2300 F
1115 2269 1165 2302 11:
1190 2267 1338 2303 emonio
1363 2272 1392 2302 1)
1411 2271 1442 2301 V
1468 2269 1552 2315 (em.
1578 2269 1689 2304 huius

162 2336 207 2360 m.
221 2326 262 2370 2)
278 2324 283 2371 Ι
299 2324 466 2360 eominus
480 2326 519 2368 0,
537 2327 727 2360 con-,Vm
743 2323 879 2370 2lisse
897 2323 980 2360 uiro
999 2327 1030 2358 V
1048 2326 1095 2370 (et
1112 2329 1140 2359 F
1159 2337 1228 2371 my.
1247 2337 1293 2362 m.
1313 2328 1372 2371 2):
1398 2338 1478 2362 esse
1503 2327 1584 2364 uiro
1609 2332 1638 2362 1)
1658 2331 1689 2362 Π

162 2383 229 2419 ille
251 2393 336 2435 raro
361 2386 389 2416 F
418 2384 432 2428 11
461 2386 507 2418 27
539 2381 746 2429 Simoenta]
771 2386 800 2417 F
823 2394 893 2429 my.
917 2395 963 2419 m.
988 2386 1015 2419 2
1040 2385 1058 2418 t
1082 2383 1268 2420 simeunta
1307 2387 1312 2430 1
1351 2385 1450 2421 Iouis
1474 2398 1558 2422 cum
1583 2386 1689 2432 prole

164 2441 390 2478 Scamandro
416 2441 607 2477 Gustauus
638 2441 810 2485 Wolsfius
843 2442 1023 2487 (Hauptii
1052 2453 1173 2488 opusc.
1199 2444 1233 2478 Π
1258 2445 1334 2489 56):
1372 2444 1468 2480 iouis
1505 2446 1691 2491 cunabula

162 2500 274 2546 parui
297 2504 323 2535 0
347 2500 444 2536 iouis
469 2500 610 2535 omissis
635 2501 758 2536 ceteris
782 2503 814 2534 Π
830 2502 844 2547 Ι
861 2505 907 2536 29
931 2500 1243 2547 Deiphobumque
1267 2508 1315 2547 D,
1334 2506 1365 2537 V
1389 2516 1433 2539 m.
1460 2508 1504 2540 2:
1531 2505 1690 2551 Deiphe-

162 2559 288 2605 bumq3
313 2563 341 2593 1³·
359 2563 410 2605 Π,
428 2562 459 2593 V
482 2571 527 2596 m.
554 2563 574 2594 1
597 2562 603 2603 1
624 2559 705 2605 puli
731 2561 767 2604 (o
791 2570 907 2605 supra
929 2573 955 2595 u
975 2573 1021 2597 m.
1040 2565 1081 2606 2)
1113 2562 1319 2607 ledamates
1344 2562 1383 2597 in
1407 2564 1519 2599 armis
1543 2568 1571 2598 1²
1595 2565 1690 2610 poli-

162 2618 394 2654 ledamantes
417 2618 458 2654 in
482 2619 594 2654 armis
618 2622 650 2653 Π
674 2618 754 2664 poli
771 2619 965 2663 ydamatee
989 2620 1030 2656 in
1054 2621 1168 2656 armis
1193 2626 1222 2655 1)
1246 2621 1557 2667 pvxgdamatas
1582 2625 1620 2668 (v
1644 2635 1689 2659 ex

163 2689 255 2714 eon.
279 2689 326 2713 m.
350 2680 392 2722 2)
416 2678 455 2713 in
480 2678 593 2712 armis
617 2681 665 2722 V,
690 2688 781 2713 corr.
806 2678 1083 2723 Lachmann&
1116 2680 1389 2726 Polydamanta
1413 2682 1481 2717 sub
1507 2682 1620 2718 armis
1646 2694 1686 2726 ‘33

162 2737 315 2780 fuerunt
338 2737 404 2782 qui
426 2736 557 2782 Pulyd.
581 2736 737 2780 sormam
755 2738 985 2782 praeferrem
1018 2740 1031 2784 fl
1061 2742 1107 2774 30
1132 2739 1252 2784 parim
1279 2743 1321 2775 0:
1347 2746 1431 2786 pari
1456 2744 1487 2775 R
1521 2743 1526 2786 1
1559 2744 1688 2777 noscet

163 2801 193 2830 1)
212 2799 243 2830 V
267 2797 323 2841 (in
345 2796 411 2831 hoc
435 2806 526 2831 corr.
551 2807 597 2831 m.
623 2798 665 2841 2)
701 2797 714 2840 11
750 2800 794 2832 31
819 2807 894 2832 non
918 2797 1033 2834 cilion
1056 2801 1088 2832 H
1121 2801 1127 2843 1
1158 2798 1262 2843 ylion
1286 2803 1314 2833 F
1350 2801 1363 2845 11
1399 2804 1443 2835 32
1470 2802 1551 2836 cete
1578 2800 1688 2844 (cetei

163 2865 210 2891 m.
234 2855 277 2899 2)
300 2858 328 2888 F
354 2856 438 2890 oete
461 2854 502 2890 in
525 2858 557 2888 R
578 2857 583 2899 1
605 2855 758 2890 numina
780 2859 808 2889 F
831 2866 877 2892 m.
903 2860 923 2891 1
942 2857 1018 2902 1133
1044 2859 1269 2894 memoratur
1293 2862 1325 2892 Π
1348 2860 1361 2903 11
1386 2863 1430 2894 35
1457 2859 1516 2893 Me
1541 2870 1689 2903 quoque

163 2922 231 2962 per
254 2923 356 2948 seros
379 2914 526 2959 scripsi:
550 2914 684 2959 Meque
708 2914 805 2950 inter
830 2926 930 2951 seros
956 2919 981 2950 0
999 2917 1013 2962 Ι
1031 2920 1076 2952 36
1101 2927 1231 2962 augur.
1253 2944 1261 2952 .
1283 2945 1290 2952 .
1316 2917 1395 2962 ipse
1421 2917 1512 2952 deae
1537 2920 1569 2951 Π
