1898 3190
714 135 1092 176 PROLEGOMENA.
1590 141 1678 176 XXI

145 250 280 292 testes
318 248 404 300 illi,
438 249 656 303 patienter
690 248 899 290 ferremus
937 247 1130 290 codicum
1174 249 1451 304 scripturam,
1487 249 1550 291 ita
1586 249 1678 291 sine

150 318 284 363 dubio
315 319 412 362 aliis
443 319 548 362 locis
572 318 786 375 exquisita
810 322 1032 362 cesserunt
1060 320 1192 376 tritis,
1211 333 1319 375 quae
1350 334 1464 362 nunc
1493 320 1679 362 tolerare

147 390 352 441 debemus
382 390 678 433 deficientibus
703 389 840 431 firmis
868 389 1159 445 suspitionum
1185 390 1338 432 causis.
1374 390 1507 432 uelim
1532 393 1679 432 tamen

145 461 248 504 hinc
291 475 460 517 quoque
497 461 614 504 docti
656 461 786 508 nimis
822 461 938 503 cauti
980 460 1206 517 timidique
1249 461 1418 504 discant
1448 476 1577 516 quam
1621 462 1679 503 sit

145 546 395 588 peruersum
437 532 566 574 etiam
611 532 692 586 ibi,
728 531 803 574 ubi
839 531 967 574 certis
999 532 1068 573 uel
1104 532 1404 587 probabilibus
1435 532 1677 575 rationibus

87 618 104 642 ⁷.
146 603 373 659 Propertio
403 602 584 658 indigna
621 602 895 657 euincuntur,
935 602 1099 645 tradita
1116 603 1242 645 tueri
1279 603 1424 658 potius
1455 618 1583 659 quam
1614 604 1676 645 in-

145 676 314 717 mutata
355 689 442 716 una
485 673 673 716 alteraue
716 673 910 716 litterula
951 674 1067 716 bona
1107 674 1345 716 restituere.
1376 699 1433 705 —
1465 675 1676 730 plurimas

145 747 290 788 autem
327 745 688 800 interpolationes
726 745 773 787 in
802 745 1019 800 Propertii
1050 748 1190 788 textu.
1211 746 1456 801 procreauit
1487 746 1675 788 studium

145 816 324 866 lacunas
349 815 562 871 explendi.
598 830 863 872 praeponam
889 816 1044 859 ceteris
1076 817 1318 871 exemplum
1346 817 1676 872 apertissimum.

145 886 190 929 II
221 887 275 930 31
321 886 369 930 5:

278 918 291 941 ,
321 956 406 1000 Hic
437 957 633 1013 equidem
664 956 841 1000 Phoebo
872 958 992 1000 uisus
1024 958 1130 1000 mihi
1160 959 1349 1013 pulcrior
1380 959 1475 1014 ipso

388 1027 658 1082 Marmoreas
689 1028 823 1071 tacita
855 1043 1031 1071 carmen
1060 1029 1181 1072 hiare
1213 1031 1320 1085 lyra.

145 1111 188 1154 id
219 1110 332 1166 quod
364 1112 431 1153 est
462 1109 702 1166 ‘equidem',
733 1114 783 1153 ut
807 1111 921 1166 apud
940 1111 1160 1154 Tibullum
1180 1112 1453 1167 Propertium
1474 1112 1677 1155 Ouidium

145 1182 289 1238 legere
319 1197 388 1225 me
418 1196 504 1224 non
536 1182 725 1238 memini,
755 1183 818 1225 ita
841 1198 1053 1239 nusquam
1079 1199 1105 1226 a
1135 1184 1261 1227 bonis
1288 1184 1460 1239 quidem
1492 1184 1674 1238 scripto-

144 1253 267 1296 ribus
297 1268 394 1296 cum
424 1253 550 1295 tertia
579 1268 763 1308 persona
782 1254 1076 1310 coniungitur3
1107 1255 1151 1297 id
1170 1254 1285 1311 quod
1309 1257 1412 1311 post
1430 1255 1676 1297 Bentleium

144 1324 376 1381 diligenter
398 1327 645 1380 persecutus
671 1327 738 1366 est
755 1324 969 1368 Henricus
988 1325 1196 1368 Iordanus
1223 1325 1324 1368 libri
1350 1326 1417 1368 sui
1442 1325 1677 1368 ‘Kritische

148 1395 377 1452 Beitraege
418 1411 453 1438 z.
484 1394 636 1438 Gesch.
667 1395 705 1438 d.
742 1396 817 1439 lat.
856 1394 1069 1451 Sprache'
1107 1396 1307 1451 inscripti
1343 1410 1444 1453 pgg.
1477 1397 1565 1439 314
1584 1411 1677 1452 sqq.

148 1481 228 1510 nec
246 1466 491 1509 Marklandi
516 1469 806 1510 commentum
831 1466 1037 1523 ‘quidam'
1066 1467 1194 1511 hodie
1207 1468 1434 1523 quisquam
1459 1468 1677 1522 probabit,

147 1539 379 1594 postquam
421 1538 682 1581 scholiastae
725 1537 959 1594 Cruquiani
1002 1538 1081 1592 [ad
1115 1538 1220 1581 Hor.
1259 1540 1383 1595 epist.
1421 1539 1443 1581 I
1483 1539 1556 1595 13,
1597 1539 1675 1592 17]

150 1607 444 1652 narrationem
484 1611 534 1650 ut
574 1608 768 1652 fabulam
813 1609 970 1651 anilem
1012 1611 1128 1651 recte
1169 1612 1448 1664 spreuerunt3
1492 1612 1536 1652 et
1572 1625 1676 1653 uoce

152 1677 369 1734 ‘quidam’
418 1678 706 1722 inuerecunde
755 1679 1004 1736 designatur
1052 1678 1288 1736 Augustus.
1351 1681 1677 1736 elegantissima

146 1751 293 1797 autem
311 1749 572 1805 coniectura,
602 1750 704 1792 licet
727 1750 877 1794 timide
902 1750 1087 1805 prolata,
1115 1749 1362 1793 Hoeufftius
1396 1751 1547 1803 [Peric.
1568 1749 1675 1794 Crit.

145 1835 187 1876 p.
206 1821 283 1874 38]
313 1819 499 1863 reddidit
527 1823 703 1875 poetae:
742 1811 833 1864 ‘hic
862 1821 1050 1864 Phoebus
1078 1820 1254 1864 Phoebo
1292 1822 1411 1864 uisus
1442 1822 1551 1864 mihi
1581 1822 1675 1877 pul-

146 1891 260 1935 crior
287 1891 384 1946 ipso
392 1889 420 1933 ’.
467 1891 668 1934 manibus
698 1894 821 1934 tenes
851 1892 1232 1947 interpolationem
1263 1895 1356 1936 tum
1387 1893 1569 1946 factam,
1600 1893 1675 1935 ubi

147 1960 389 2005 ‘Phoebus'
422 1964 523 2004 ante
554 1976 705 2005 uocem
746 1963 1078 2017 subsequentem
1109 1964 1250 2018 periit.
1300 1964 1501 2007 similiter
1530 1967 1674 2007 autem

147 2031 367 2088 ‘quidem’
397 2032 658 2076 inculcatum
690 2036 756 2076 est
785 2033 828 2075 H
860 2033 901 2088 3,
930 2033 987 2076 39
1009 2048 1086 2089 sq.:

325 2114 474 2171 Digna
502 2115 674 2171 quidem
705 2116 858 2171 facies,
887 2130 967 2171 pro
1000 2131 1085 2172 qua
1115 2116 1184 2158 uel
1217 2117 1359 2159 obiret
1390 2117 1583 2160 Achilles

387 2184 472 2228 Vel
501 2185 714 2228 Priamus:
748 2187 850 2228 belli
881 2201 1010 2229 causa
1039 2187 1262 2241 probanda
1294 2188 1388 2230 fuit.

146 2269 185 2311 is
216 2271 284 2311 est
318 2268 474 2311 horum
511 2269 741 2311 uerborum
777 2282 912 2310 nexus
951 2270 999 2310 ut
1030 2283 1139 2323 quae
1176 2284 1215 2312 u.
1247 2269 1303 2311 39
1342 2270 1546 2326 leguntur
1585 2285 1674 2311 non

147 2339 318 2395 possint
346 2353 436 2381 non
466 2339 616 2381 referri
648 2339 702 2381 ad
731 2338 964 2394 Helenam,
994 2342 1145 2382 contra
1175 2343 1363 2382 mentem
1395 2342 1567 2395 poetae,
1600 2341 1673 2395 qui

148 2409 341 2466 Cynthia
369 2409 508 2464 perire
543 2409 734 2464 pulcrius
765 2410 958 2452 futurum
997 2410 1132 2452 fuisse
1162 2410 1316 2453 Troiae
1348 2411 1476 2453 modo
1514 2410 1671 2453 indica-

150 2483 284 2524 uerat.
314 2481 458 2535 itaque
490 2483 717 2535 postquam
749 2495 794 2522 se
822 2481 1074 2535 intellegere
1102 2481 1272 2536 quidem
1292 2481 1412 2536 dixit,
1437 2496 1511 2523 cur
1530 2480 1672 2523 Mene-

148 2553 242 2594 laus
280 2551 514 2594 formosam
552 2565 729 2593 uxorem
765 2551 1032 2607 reflagitaret
1068 2551 1277 2608 Parisque
1315 2552 1489 2594 reddere
1532 2552 1674 2607 nollet,
1729 2567 1734 2571 ‘

150 2623 236 2666 iam
268 2622 383 2664 iusta
413 2621 469 2663 ad
498 2620 638 2662 maius
671 2620 947 2664 adscensione
973 2635 1153 2678 pergere
1173 2622 1334 2677 debuit,
1366 2623 1503 2665 solam
1528 2626 1672 2666 tamen

150 2692 382 2748 Cynthiam
417 2706 518 2734 uere
556 2691 731 2746 dignam
769 2706 879 2747 esse,
917 2708 995 2747 pro
1034 2708 1118 2748 qua
1156 2695 1199 2735 et
1238 2693 1414 2735 iuuenes
1452 2696 1495 2734 et
1538 2707 1673 2747 senes,

153 2830 266 2856 eausa
294 2818 393 2855 inter
423 2818 534 2864 aliae,
567 2831 631 2854 cm·
656 2829 804 2855 carmen
833 2820 986 2866 elegans
1014 2820 1082 2856 ‘de
1108 2820 1317 2857 mensibus'
1348 2821 1466 2867 [Poet.
1492 2820 1557 2856 lat.
1584 2820 1672 2857 min.

152 2879 169 2914 I
198 2878 260 2925 12]
286 2889 420 2914 aeuum
445 2878 679 2924 Augusteum
703 2889 813 2923 quam
839 2879 1006 2924 proxime
1031 2879 1217 2926 attingere
1243 2881 1458 2916 statuerem.
