1898 3190
208 149 329 184 XXVI
785 150 1166 188 PROLEGOMENA.

207 272 276 300 uu.
311 258 366 300 15
398 260 441 301 et
474 260 527 301 16
561 273 684 301 suum
721 261 824 314 post
853 275 893 301 u.
928 259 981 301 12
1013 259 1154 301 locum
1192 259 1408 316 flagitant,
1445 263 1494 303 ut
1523 261 1603 303 rite
1634 275 1733 316 pro-

208 328 332 371 cedat
356 329 619 372 narrationis
640 329 764 385 ord03
789 332 883 372 tum
903 329 1073 373 demum
1098 330 1332 373 lauationis
1351 333 1466 374 recte
1490 333 1541 374 fit
1558 332 1733 375 mentio.

209 414 469 455 quamquam
500 416 579 443 nec
609 415 725 444 nunc
755 416 825 444 uu.
860 401 912 443 13
946 403 990 443 et
1023 401 1078 443 14
1109 403 1265 444 coeunt
1295 417 1391 445 cum
1421 403 1590 460 ceteris3
1620 403 1732 446 unde

209 471 431 514 doctorum
462 472 508 514 in
538 486 643 515 uoce
675 471 876 515 ‘lauatur'
909 472 1162 529 corrigenda
1193 474 1418 516 conamina
1448 488 1582 516 cassa.
1630 488 1732 516 nam

210 541 318 584 alibi
354 543 463 585 latet
499 544 668 586 uulnus.
723 544 797 586 ubi
836 544 952 586 enim
994 543 1094 586 data
1133 558 1262 599 opera
1295 543 1605 600 Spartanamm
1641 544 1734 587 uita

209 628 437 670 moresque
475 615 783 671 depinguntur,
821 615 883 657 ibi
914 613 1095 670 Spartae
1132 615 1300 671 genitos
1332 614 1559 659 Castorem
1589 614 1735 658 Pollu-

209 699 384 740 cemque
429 688 472 728 et
509 685 722 728 Helenam
767 687 927 729 accersi
970 687 1015 728 in
1059 686 1426 742 comparationem
1470 685 1649 744 (‘qualis
1691 689 1735 729 et

206 755 412 799 Eurotae'
446 755 540 814 eqs)
573 757 768 812 equidem
799 771 887 799 non
918 772 1155 813 concoquo3
1186 757 1401 813 mirorque
1425 757 1533 800 illud
1553 772 1734 813 quoque,

208 827 322 883 quod
360 827 527 870 Helena
563 828 689 871 nudis
727 829 904 884 papillis
943 843 1064 871 arma
1102 829 1276 884 capiens
1313 829 1469 871 fratres
1507 829 1609 872 deos
1646 843 1735 871 non

207 899 429 942 erubuisse
461 899 628 942 dicitur.
668 915 780 955 nam,
812 901 886 956 qui
917 902 1112 942 ueterum
1143 914 1236 942 mos
1269 902 1373 955 erat,
1403 901 1526 943 nulla
1554 900 1626 943 hic
1657 901 1734 943 ulli

207 970 412 1013 heroinae
445 986 575 1014 causa
607 972 896 1014 erubescendi.
939 972 1086 1027 itaque
1118 971 1293 1028 grauius
1319 971 1493 1027 aliquid,
1525 972 1639 1027 quod
1670 986 1735 1014 ce-

206 1041 311 1083 teris
355 1044 529 1097 praeter
572 1041 809 1098 Spartanas
853 1042 1027 1084 feminis
1078 1042 1232 1085 merito
1275 1042 1406 1085 fuerit
1447 1042 1618 1098 pudori,
1667 1057 1736 1085 ex-

206 1114 443 1167 pectamus.
503 1128 580 1168 per
612 1114 758 1156 omnia
788 1114 876 1156 fere
907 1113 1161 1169 Propertius
1200 1115 1450 1169 persecutus
1481 1116 1575 1156 erat
1603 1113 1736 1170 uirgi-

207 1197 307 1225 nem
326 1183 731 1228 Lacedaemoniam:
762 1185 876 1228 nuda
900 1185 947 1227 in
970 1185 1190 1240 palaestra
1214 1199 1302 1226 una
1321 1198 1419 1226 cum
1443 1185 1549 1227 uiris
1568 1187 1738 1227 exercet

208 1268 376 1309 corpus,
408 1255 585 1310 equitat,
618 1258 787 1298 armata
812 1258 887 1311 est,
918 1257 1114 1298 uenatur.
1151 1255 1254 1311 quid
1279 1255 1364 1297 iam
1395 1255 1559 1298 restat?
1597 1255 1736 1298 dicam

207 1325 289 1367 tibi
319 1327 475 1380 poetae
501 1327 643 1369 uerbis
670 1342 696 1370 a
727 1341 796 1369 me
822 1341 874 1369 ex
899 1327 1144 1369 coniectura
1168 1325 1400 1384 restitutis:
1431 1325 1586 1381 ‘qualis
1607 1326 1736 1368 Ama-

207 1396 407 1439 zonidum
443 1396 618 1439 nudatis
656 1397 813 1440 bellica
850 1397 1050 1440 mammis
1082 1395 1482 1439 Thermodontiacis
1519 1398 1646 1439 turba
1675 1397 1736 1439 la-

207 1470 365 1511 uantur
398 1469 533 1524 aquis,
566 1469 661 1511 talis
694 1471 738 1510 et
768 1469 963 1511 Eurotae·
986 1468 1140 1510 Pollux
1171 1470 1214 1510 et
1234 1466 1390 1511 Castor
1419 1467 1593 1510 harenis
1625 1465 1738 1523 (scil.

207 1538 447 1595 lauantur),
487 1540 602 1582 inter
643 1555 750 1595 quos
788 1539 976 1582 Helene'
1014 1554 1101 1595 eqs.
1156 1539 1293 1581 lauari
1335 1537 1571 1594 Spartanas
1609 1538 1737 1580 simul

209 1626 306 1653 cum
337 1611 442 1653 uiris
474 1613 728 1653 narraturus
761 1611 1011 1667 Propertius
1048 1610 1214 1666 profert
1250 1610 1493 1665 exemplum
1524 1624 1547 1652 e
1578 1609 1736 1651 fabulis

207 1682 404 1737 petitum.
467 1684 530 1737 at,
566 1682 731 1738 inquis,
771 1682 855 1725 huc
893 1697 981 1725 non
1020 1681 1186 1725 faciunt
1225 1681 1359 1724 uerba
1399 1679 1546 1723 ‘nudis
1586 1695 1737 1735 capere

209 1768 330 1795 arma
354 1753 560 1808 papillis'.
601 1754 717 1796 bono
738 1756 831 1796 esto
858 1754 1001 1796 animo
1021 1753 1293 1808 primumque
1313 1752 1507 1794 omnium
1527 1765 1737 1807 agnoscas

209 1824 422 1866 Italorum
449 1824 674 1867 fabricam:
708 1825 848 1867 ‘nudis
875 1823 992 1880 Ges&
1020 1824 1113 1866 add.
1132 1822 1186 1880 F)
1209 1825 1376 1866 armata
1401 1821 1584 1878 capillis'
1615 1836 1736 1877 prae-

208 1895 283 1937 bet
309 1903 357 1938 0.
394 1911 482 1938 non
506 1897 614 1939 bene
642 1899 785 1940 autem
816 1897 917 1940 Itali
944 1894 1147 1952 ‘papillis'
1179 1895 1455 1938 restituentes
1486 1894 1532 1936 in
1555 1895 1737 1949 utraque

210 1967 545 2022 comparationis
576 1970 700 2023 parte
733 1967 911 2010 eandem
947 1967 1171 2010 notionem
1201 1967 1490 2008 recurrentem
1525 1963 1737 2008 fecerunt:

209 2052 300 2080 non
340 2037 565 2093 ‘capillis',
605 2038 679 2080 sed
716 2038 760 2080 id
797 2038 911 2094 quod
949 2039 1016 2079 est
1052 2035 1221 2079 ‘nudis'
1263 2035 1523 2078 correctione
1559 2035 1738 2092 indiget.

166 2114 169 2117 '
210 2123 378 2151 mecum
415 2124 575 2164 repone
609 2108 772 2152 ‘fluidis
809 2133 857 2139 —
894 2107 1105 2164 capillis':
1143 2107 1324 2150 habebis
1362 2106 1478 2162 quod
1511 2107 1558 2148 in
1593 2107 1737 2162 puella

210 2180 378 2222 lauanti
417 2182 517 2236 apte
550 2182 922 2223 commemoretur.
977 2181 1114 2221 restat
1144 2179 1277 2234 igitur
1308 2176 1620 2220 emendandum
1651 2176 1737 2219 ‘ar-

211 2250 363 2294 mata'.
396 2252 464 2294 cui
495 2251 592 2294 uoci
624 2250 828 2306 quidnam
860 2249 1000 2292 subsit
1033 2249 1149 2291 dictu
1188 2248 1503 2304 difficillimum3
1541 2251 1585 2290 et
1619 2251 1737 2304 post-

211 2338 341 2379 quam
379 2323 526 2366 omnia
561 2322 788 2378 temptaui,
827 2321 1003 2364 tandem
1042 2335 1092 2364 eo
1136 2320 1311 2375 perueni
1349 2322 1397 2361 ut
1433 2317 1643 2361 ‘armata'
1682 2318 1736 2361 ab

209 2394 519 2449 interpolatore
568 2394 776 2436 insertum
827 2407 918 2435 esse
961 2394 1196 2435 statuerem
1245 2390 1498 2433 reficiendae
1545 2391 1738 2432 lacunae.

210 2465 306 2507 dedi
339 2465 453 2521 quod
491 2466 604 2507 certe
640 2479 729 2508 non
764 2464 989 2520 indignum
1020 2465 1086 2506 est
1120 2465 1250 2519 poeta
1282 2461 1442 2525 ‘fluidis
1473 2463 1639 2504 uersata
1669 2475 1738 2504 ca·
1798 2453 1801 2455 ⁵

213 2537 330 2592 pillis
342 2536 355 2555 ³
359 2571 367 2580 .

331 2607 390 2650 Et
419 2607 527 2649 haec
559 2607 730 2663 quidem
762 2608 813 2650 de
845 2605 1273 2661 interpolationibus3
1309 2618 1411 2646 nam
1442 2617 1547 2645 num
1578 2601 1738 2657 integri

211 2694 362 2721 uersus
395 2693 420 2720 a
450 2679 564 2720 mala
596 2693 725 2720 manu
757 2679 1062 2734 suppostorum
1093 2676 1139 2718 in
1175 2677 1342 2717 textum
1380 2673 1468 2715 sint
1497 2673 1635 2727 inlati,
1666 2672 1738 2714 ad-

213 2750 388 2792 modum
432 2749 593 2791 dubito.
654 2750 848 2805 proxime
893 2749 1036 2790 autem
1081 2762 1178 2789 cum
1227 2745 1313 2788 illis
1360 2744 1588 2787 coniuncta
1636 2745 1739 2785 sunt

212 2822 488 2877 glossemata,
519 2833 628 2874 quae
661 2822 704 2862 et
734 2820 829 2875 ipsa
859 2833 974 2860 nunc
1004 2819 1190 2860 tractare
1220 2831 1310 2860 non
1339 2811 1513 2878 carebit·
1534 2813 1735 2857 utilitate.

213 2906 352 2948 neque
385 2891 498 2933 enim
529 2906 625 2948 raro
658 2891 703 2934 in
733 2890 960 2946 Propertio
1000 2889 1387 2944 interpretamenta
1424 2885 1515 2929 siue
1544 2885 1592 2928 in
1619 2899 1739 2930 ,mar-
