1898 3190
227 171 311 214 126
686 171 947 208 PROPERTII
971 171 1063 208 LIB.
1089 170 1151 207 III.
1179 173 1233 207 11.

402 278 469 322 Ne
500 281 679 334 possent
709 281 826 322 tacto
859 280 1070 336 stringere
1103 280 1158 322 ab
1191 293 1270 320 axe
1299 279 1431 334 latus,

287 360 333 392 25
348 349 484 392 Duxit
515 352 559 391 et
589 350 857 405 Euphratem
890 350 1096 405 medium,
1127 364 1256 405 quam
1287 349 1494 404 condidit,
1526 346 1657 404 arcis,

387 421 534 464 vIussit
568 424 611 463 et
642 421 824 476 imperio
856 421 1036 464 subdere
1068 421 1230 463 Bactra
1261 422 1399 476 caput.

344 492 460 534 Nam
492 493 594 548 quid
626 507 707 549 ego
738 492 908 548 heroas,
940 493 1041 548 quid
1071 495 1239 548 raptem
1270 492 1315 534 in
1346 491 1528 534 crimina
1559 490 1713 533 diuos?

402 563 597 619 Iuppiter
629 563 815 606 infamat
846 577 975 618 seque
1007 578 1212 618 suamque
1245 562 1431 605 domum.

346 634 474 689 Quid,
507 636 634 678 modo
666 649 775 691 quae
806 634 966 677 nostris
999 634 1235 689 obprobria
1266 634 1442 676 nexerat
1472 633 1604 675 armis

287 716 332 747 30
405 705 465 747 Et
494 705 681 748 famulos
712 706 827 747 inter
856 705 1020 748 femina
1051 706 1158 747 trita
1189 705 1319 747 suos?

347 773 546 832 Coniugii
580 777 755 819 obsceni
786 776 974 831 pretium
1005 776 1204 818 Romana
1234 776 1433 831 poposcit

405 847 579 890 Moenia
610 850 653 890 et
685 847 878 890 addictos
909 848 955 889 in
988 862 1066 890 sua
1095 862 1231 904 regna
1260 849 1420 902 patres.

345 918 487 962 Noxia
519 919 798 970 Alexandria,
831 918 941 961 dolis
974 918 1202 973 aptissima
1231 917 1379 971 tellus,

406 989 467 1032 Et
496 991 655 1033 totiens
687 992 838 1033 nostro
870 989 1064 1044 Memphi
1096 990 1273 1031 cruenta
1304 988 1438 1030 malo!

290 1073 334 1104 35
348 1061 467 1104 Haec
498 1062 599 1117 tibi,
630 1061 827 1117 Pompei,
859 1061 1046 1103 detraxit
1074 1060 1238 1102 harena
1269 1059 1513 1115 triumphos

288 1143 334 1175 40
408 1131 524 1185 (Una
555 1131 783 1186 Philippeo
817 1131 1026 1187 sanguine
1058 1131 1211 1173 adusta
1241 1131 1383 1187 nota):

288 1203 490 1246 371ssent
519 1203 759 1258 Phlegraeo
792 1203 947 1244 melius
979 1203 1058 1244 tibi
1089 1202 1240 1244 funera
1272 1217 1443 1258 campo,

291 1285 335 1316 38
409 1274 491 1316 Vel
521 1276 599 1316 tua
631 1274 668 1316 si
700 1288 844 1316 socero
877 1274 988 1316 colla
1019 1274 1195 1315 daturus
1228 1288 1335 1315 eras.

288 1357 332 1387 39
349 1344 520 1387 Scilicet
551 1345 703 1388 incesti
734 1345 938 1387 meretrix
967 1345 1117 1400 regina
1149 1343 1315 1399 Canopi

289 1428 333 1459 36
409 1414 571 1472 (Tollet
601 1417 722 1459 nulla
753 1417 843 1459 dies
875 1417 988 1459 hane
1018 1416 1116 1471 tibi,
1148 1416 1303 1471 Roma,
1334 1415 1522 1473 notaml)

289 1498 333 1529 41
348 1487 468 1529 Ausa
498 1487 593 1530 Ioui
624 1490 774 1530 nostro
806 1487 1038 1529 latrantem
1069 1501 1285 1542 opponere
1316 1486 1526 1538 Anubim,

410 1558 470 1601 Et
500 1558 692 1600 Tiberim
722 1557 811 1600 Nili
843 1573 994 1615 cogere
1025 1559 1136 1600 ferre
1167 1559 1327 1613 minas,

347 1630 672 1686 Romanamque
704 1630 856 1672 tubam
887 1630 1118 1684 crepitanti
1149 1629 1309 1684 pellere
1341 1629 1488 1685 sistro,

409 1701 591 1743 Baridos
624 1704 667 1743 et
698 1701 837 1744 contis
869 1703 1011 1743 rostra
1042 1700 1235 1743 Liburna
1266 1701 1405 1756 sequi,
1467 1741 1470 1745 .

289 1782 334 1814 45
348 1771 578 1827 Foedaque
610 1771 795 1826 Tarpeio
828 1772 1011 1826 conopia
1041 1771 1213 1813 tendere
1247 1786 1370 1827 saxo,

407 1842 508 1885 Iura
539 1844 638 1885 dare
671 1846 715 1885 et
748 1844 913 1885 statuas
945 1843 1058 1885 inter
1089 1846 1132 1885 et
1163 1858 1284 1885 arma
1314 1842 1445 1884 Mari!

329 2020 420 2056 VAB.
446 2033 546 2055 ηοω.
596 2023 642 2055 24
666 2019 745 2055 Nec
770 2023 797 2053 F
816 2022 847 2053 Π
878 2021 890 2065 ΙΙ
926 2022 971 2054 25
997 2019 1110 2055 Ducit
1132 2023 1159 2053 F
1182 2021 1187 2065 Ι
1210 2019 1389 2065 euphrate
1414 2022 1463 2054 N:
1489 2017 1672 2054 eufratem
1698 2020 1723 2052 0
1751 2017 1755 2065 Ι

231 2091 343 2124 quam
370 2083 413 2115 0:
438 2091 513 2125 qua
536 2083 564 2113 F
589 2091 635 2115 m.
661 2082 686 2115 2
713 2090 798 2124 my„
824 2081 854 2112 V
880 2090 989 2123 corr„
1015 2082 1047 2112 N
1079 2080 1085 2124 Ι
1119 2078 1214 2114 arcis
1238 2079 1383 2124 scripsi:
1411 2088 1514 2114 arces
1541 2080 1566 2111 0
1592 2079 1705 2122 (artes
1732 2081 1759 2111 F

229 2149 275 2172 m.
301 2139 337 2183 1)
363 2138 441 2174 arci
466 2138 644 2174 Heinsius
679 2138 692 2183 ΙΙ
729 2141 773 2172 26
808 2137 927 2173 Iubsit
950 2141 977 2171 F
1002 2149 1047 2172 m.
1073 2141 1093 2172 1
1134 2139 1139 2183 ξ
1179 2137 1333 2173 subdere
1358 2137 1600 2172 Burmannus
1623 2137 1758 2172 senior:

231 2209 380 2243 surgere
403 2197 408 2244 Ι
431 2197 556 2232 battra
579 2200 606 2230 F
639 2197 651 2242 ΙΙ
688 2200 733 2231 27
760 2196 915 2231 crimina
939 2199 969 2229 V
994 2207 1038 2231 m.
1065 2199 1108 2232 2:
1135 2195 1287 2231 crimine
1314 2199 1338 2230 0
1369 2196 1382 2240 ΙΙ
1412 2199 1457 2231 28
1482 2195 1623 2241 Iupiter
1645 2199 1673 2229 F
1692 2198 1723 2229 N
1747 2195 1760 2242 Η

232 2260 278 2291 29
315 2257 439 2292 malim
464 2256 575 2292 modo
601 2256 682 2301 qui,
715 2257 764 2291 ad
787 2255 992 2290 Antonium
1017 2259 1058 2290 ut
1081 2255 1168 2290 haec
1196 2255 1404 2298 referantur
1425 2254 1428 2300 Ι
1452 2254 1604 2300 opprob.
1628 2258 1658 2288 1>
1676 2257 1707 2287 V
1752 2254 1756 2302 Ι

233 2317 387 2351 nexerat
412 2326 451 2353 ςε
478 2316 621 2351 uexerit
646 2318 671 2349 0
714 2316 727 2359 ΙΙ
769 2318 813 2349 30
851 2314 933 2349 Heu
958 2315 1155 2349 Liuineius
1183 2313 1230 2349 Ut
1254 2313 1432 2348 Heinsius
1467 2314 1480 2358 ΙΙ
1517 2316 1561 2347 33
1588 2311 1760 2358 Coniugii

234 2374 484 2410 Passeratius:
518 2374 693 2420 Coniugis
720 2377 744 2408 0
772 2373 928 2418 Coniugi
963 2375 1001 2408 et
1026 2373 1288 2409 Lachmannus
1320 2373 1326 2419 Ι
1361 2372 1560 2415 obsceni}
1584 2375 1704 2417 (erasa
1728 2374 1760 2418 s)

231 2437 263 2467 N
281 2434 293 2479 ΙΙ
312 2437 356 2468 32
384 2433 531 2469 additos
555 2437 582 2467 F
607 2446 652 2469 m.
679 2437 700 2469 1
730 2434 743 2478 ΙΙ
768 2437 812 2468 33
839 2431 1081 2468 alexandrina
1104 2436 1135 2467 V
1159 2445 1204 2470 m.
1231 2436 1256 2469 2
1287 2433 1300 2478 11
1331 2435 1375 2467 35
1401 2431 1480 2467 Hec
1504 2431 1576 2467 tibi
1598 2435 1642 2467 F:
1668 2431 1759 2467 Tres

231 2492 298 2527 ubi
320 2497 349 2527 D
369 2496 399 2526 V
418 2497 449 2527 H
475 2494 580 2538 (Tres
604 2497 631 2527 F
656 2504 701 2528 m.
727 2494 768 2535 2)
808 2493 813 2537 l
856 2491 1011 2537 Pompei
1036 2493 1184 2538 scripsi:
1210 2491 1385 2538 pompeio
1411 2494 1436 2525 0
1477 2491 1483 2536 Ι
1522 2502 1635 2527 arena.
1658 2494 1703 2536 F,
1728 2493 1760 2525 V

231 2563 277 2587 m.
303 2556 330 2588 2
366 2553 379 2598 ΙΙ
415 2564 477 2588 uu.
505 2553 569 2598 qui
592 2556 679 2588 sunt
703 2553 745 2587 in
771 2554 795 2585 0
822 2555 866 2586 36
893 2554 926 2586 et
949 2555 995 2586 40
1021 2552 1137 2587 locum
1161 2553 1257 2587 inter
1280 2562 1318 2586 se
1340 2553 1481 2585 mutare
1509 2550 1620 2586 iussit
1642 2550 1759 2586 Lach-

231 2622 406 2656 mannus,
440 2623 542 2657 quem
566 2614 708 2646 secutus
732 2622 811 2646 sum
836 2611 943 2646 aliter
972 2614 1091 2646 tamen
1122 2612 1382 2656 interpunyens
1422 2610 1436 2655 n
1477 2613 1522 2645 37
1565 2609 1703 2656 flegreo
1727 2611 1759 2643 V

231 2670 370 2716 flegreo
395 2674 423 2704 D
443 2673 475 2703 N
499 2670 619 2716 flegeo
643 2674 671 2703 F
690 2671 702 2715 ΙΙ
715 2673 800 2715 post
825 2673 870 2705 38
891 2680 991 2704 noua
1010 2670 1051 2704 in
1069 2673 1096 2702 F
1117 2670 1229 2715 eleyia
1248 2680 1328 2704 cum
1347 2669 1454 2703 titulo
1473 2668 1518 2703 de
1538 2667 1729 2714 cleopatra
1749 2667 1758 2714 ξ]

232 2734 278 2765 40
305 2728 478 2775 sanguini
502 2731 532 2762 V
557 2740 601 2763 m.
628 2732 654 2765 2
685 2730 698 2774 ΙΙ
728 2733 772 2764 42
798 2728 958 2774 tyberim
983 2731 1013 2762 V
1037 2740 1082 2764 m.
1108 2732 1129 2763 1
1149 2729 1162 2772 ΙΙ
1180 2731 1227 2762 44
1252 2727 1398 2763 Bandos
1424 2730 1451 2761 F
1476 2738 1522 2762 m.
1547 2730 1568 2762 1
1598 2728 1604 2772 1
1638 2726 1758 2762 contis

233 2793 261 2823 F
279 2792 312 2823 N
336 2791 380 2833 (V
404 2799 473 2834 my.
499 2799 544 2824 m.
564 2789 621 2833 2):
648 2788 789 2824 cunctis
806 2792 835 2822 Ι)
854 2791 885 2822 V
903 2788 916 2833 11
934 2791 979 2823 45
999 2787 1179 2832 canopeia
1200 2790 1224 2821 0
1251 2786 1409 2831 canopia
1426 2789 1456 2819 V
1475 2797 1520 2821 m.
1541 2788 1567 2822 2
1593 2796 1759 2831 conopea

232 2847 439 2883 Beroaldus
468 2848 482 2892 Ι]
512 2850 558 2882 46
583 2847 665 2882 Iure
689 2851 717 2880 F
743 2859 787 2883 m.
814 2851 835 2882 1
865 2849 871 2893 Ι
899 2846 987 2882 dare
1014 2847 1155 2882 statuas
1182 2850 1225 2891 0,
1251 2847 1289 2882 et
1313 2846 1396 2881 add.
1424 2855 1446 2883 ς
1473 2846 1478 2890 Ι
1499 2844 1598 2880 inter
1622 2844 1678 2891 et]
1703 2844 1757 2880 ni·

231 2908 329 2942 teret
353 2910 380 2941 F
