1898 3190
724 159 985 202 PROPER'm
1008 160 1099 199 ΜΒ.
1123 158 1187 199 IV.
1214 163 1271 198 11.
1639 156 1721 200 197

378 273 517 332 Capta
547 274 668 318 dabit
696 274 855 318 uestris
885 274 1078 318 moribus
1107 272 1184 315 illa
1214 284 1380 314 manus,

316 347 410 391 Nec
439 349 621 390 matrem
652 346 826 388 laudate
856 345 1005 388 nimis:
1036 344 1210 388 conlata
1238 342 1373 399 priori

263 430 309 462 90
381 418 535 460 Vertet
563 418 610 459 in
640 417 826 460 offensas
855 417 993 459 libera
1023 416 1157 458 uerba
1189 430 1300 458 suas.

319 488 405 532 Seu
434 503 601 531 memor
630 489 702 531 ille
733 503 831 531 mea
861 489 1087 531 contentus
1118 486 1325 529 manserit
1354 485 1508 527 umbra

378 561 438 604 Et
468 560 580 603 tanti
611 560 774 603 cineres
805 560 974 602 duxerit
1003 574 1098 602 esse
1127 573 1266 614 meos,

318 631 483 674 Discite
513 635 739 674 uenturam
769 632 856 674 iam
886 646 999 674 nunc
1029 631 1165 674 lenire
1197 631 1434 684 senectam,

379 701 567 746 caelibis
598 704 651 745 ad
683 718 807 745 curas
837 717 916 745 nec
947 705 1072 746 uacet
1102 703 1191 744 11113
1222 702 1306 744 1113.

262 785 307 817 95
322 772 445 824 Quod
475 774 584 816 mihi
615 774 854 817 detractum
885 777 968 829 est,
999 777 1168 816 uestros
1201 772 1375 816 accedat-
1406 771 1460 814 ad
1491 785 1646 814 annos:

379 844 506 887 Prole
536 860 632 887 mea
662 845 845 888 Paulum
877 846 939 888 sic
969 845 1090 888 iuuet
1120 859 1213 887 esse
1245 858 1403 887 senem.

321 915 381 958 Et
410 916 519 958 bene
548 915 698 959 habet:
729 931 964 972 numquam
996 918 1136 958 mater
1166 915 1367 971 lugubria
1399 913 1583 969 sumpsi:

381 985 514 1043 Venit
543 987 587 1028 in
620 987 820 1043 exequias
849 989 945 1029 tota
977 989 1151 1029 caterua
1180 1001 1310 1028 meas.
1436 978 1440 986 x

323 1056 465 1100 Causa
494 1060 697 1113 perorata
727 1060 804 1099 est.
834 1057 987 1100 flentes
1019 1073 1086 1100 me
1119 1058 1302 1113 surgite,
1333 1060 1488 1111 testes,

234 1140 301 1172 100
373 1128 489 1172 Dum
520 1130 707 1184 pretium
738 1129 855 1171 uitae
888 1131 1014 1185 grata
1044 1128 1244 1184 rependit
1276 1128 1450 1171 humus.

323 1199 516 1243 Moribus
548 1203 591 1242 et
622 1200 790 1243 caelum
819 1201 980 1253 patuit:
1012 1200 1093 1242 sim
1125 1199 1257 1256 digna
1287 1199 1507 1253 merendo,

385 1270 516 1314 Cuius
546 1270 772 1313 honoratis
805 1284 903 1313 ossa
934 1270 1146 1313 uehantur
1178 1270 1284 1313 auis.

302 1424 393 1459 Vm.
420 1437 518 1460 mor.
569 1427 614 1459 88
639 1423 774 1459 nostris
798 1427 826 1458 F
861 1425 875 1469 ΙΙ
917 1427 962 1459 89
987 1423 1109 1458 minus
1134 1427 1180 1467 r,
1205 1434 1296 1459 corr.
1323 1434 1391 1468 my.
1418 1434 1462 1457 m.
1490 1426 1516 1458 2
1539 1424 1544 1466 Ι
1567 1423 1662 1459 conl.
1687 1426 1735 1458 11:

208 1483 292 1520 coll.
319 1487 344 1517 0
363 1485 376 1529 Β
395 1487 438 1519 91
467 1484 546 1519 Nec
571 1487 598 1517 F
623 1495 668 1518 m.
694 1487 715 1518 1
739 1485 745 1528 Ι
767 1485 936 1519 cotentus
959 1487 990 1517 V
1008 1483 1021 1527 ΙΙ
1040 1487 1083 1518 92
1110 1483 1245 1518 dixerit
1267 1487 1297 1516 1)
1316 1486 1347 1516 V
1364 1484 1377 1527 ΙΙ
1396 1486 1441 1517 93
1466 1481 1583 1517 lenire
1603 1481 1736 1517 Schra-

207 1543 332 1578 derus:
358 1542 496 1578 sentire
521 1545 546 1576 0
565 1543 578 1587 Ι]
596 1546 642 1588 94
667 1542 770 1577 ualet
791 1555 823 1577 11.
843 1542 926 1578 uias
944 1544 1007 1588 Ru
1032 1546 1076 1578 95
1102 1543 1249 1577 nostros
1267 1545 1296 1576 P
1326 1544 1338 1586 fl
1369 1546 1413 1577 97
1429 1562 1471 1567 -
1488 1545 1555 1576 102
1582 1545 1667 1576 ante
1692 1545 1736 1577 73

202 1601 299 1646 poni
326 1601 411 1636 uult
440 1600 682 1645 Schrader-us,
707 1601 845 1636 similia
863 1604 1062 1646 praeeunte
1087 1601 1271 1647 Scaliyero
1298 1602 1311 1646 ΙΙ
1338 1605 1382 1636 97
1409 1601 1450 1636 Si
1474 1601 1516 1636 in
1540 1612 1612 1636 ras.
1638 1612 1684 1636 m.
1710 1604 1737 1636 2

208 1663 240 1694 V
260 1661 267 1705 1
286 1671 452 1705 nuquam
470 1671 635 1706 uuquam
652 1662 773 1696 mater
793 1661 871 1706 (sic)
890 1665 919 1694 D
937 1664 1103 1706 m‘xquam
1124 1672 1287 1706 unquam
1307 1661 1386 1705 (hoc
1403 1661 1472 1696 del.
1490 1672 1536 1695 m.
1556 1661 1596 1705 2)
1618 1661 1739 1695 mater

208 1722 240 1753 V
261 1719 268 1764 Ι
287 1718 462 1764 lugubria
486 1719 627 1764 sumpsi
651 1729 690 1756 ςτ
721 1719 866 1755 lubrica
896 1721 1084 1766 sumptum
1110 1724 1135 1755 Ο
1169 1719 1332 1766 lubrigia
1358 1721 1548 1765 sumptum
1573 1723 1604 1753 V
1628 1731 1675 1754 m.
1700 1722 1738 1762 2,

209 1780 259 1821 13
283 1789 372 1813 num
396 1777 508 1813 matri
525 1778 699 1823 lugubria
717 1781 864 1824 sumpta
883 1779 903 1814 ,9
922 1781 934 1825 ΙΙ
953 1783 998 1815 99
1024 1780 1100 1826 me]
1126 1779 1203 1815 iam
1222 1779 1400 1814 Heinsius
1418 1781 1430 1824 [1
1452 1783 1516 1814 102
1544 1778 1656 1814 Cinus
1680 1782 1708 1812 F
1731 1779 1735 1824 ἶ

210 1837 396 1873 uehuntur
418 1840 450 1871 V
473 1848 520 1873 m.
545 1841 589 1881 2,
614 1840 662 1872 R:
689 1838 875 1874 uehuntur
900 1841 925 1872 0
971 1839 977 1884 Ι
1022 1838 1102 1874 auis
1127 1839 1321 1874 Heinsius:
1360 1837 1466 1883 aquis
1490 1841 1518 1871 F
1537 1841 1569 1872 Π
1599 1839 1643 1882 (V
1670 1848 1739 1882 my.

210 1907 256 1932 m.
281 1898 322 1941 2)
361 1895 466 1941 equis
491 1901 519 1930 1)
539 1900 569 1930 V
596 1897 609 1941 ῙΙ
635 1897 900 1942 subscriptione
925 1901 1022 1933 earet
1046 1901 1076 1932 V
1101 1897 1266 1943 Explicit
1290 1902 1322 1932 Π
1346 1897 1512 1942 Explicit
1535 1897 1632 1932 liber
1655 1907 1740 1942 pro-

210 1954 324 2002 pertii
347 1954 502 1990 ultimus
527 1959 554 1988 F
590 1955 777 2000 Propertii
806 1956 951 1991 Aurelii
979 1956 1127 1992 Nautae
1158 1956 1338 1999 Umbri}
1374 1956 1609 1992 monobiblos
1645 1956 1742 1992 liber

211 2013 372 2050 feliciter
397 2012 549 2059 explicit
573 2014 642 2050 litt.
667 2014 798 2058 yrand.
825 2014 1053 2050 diuersorum
1078 2015 1234 2051 colorum
1260 2019 1288 2048 D

579 2453 960 2498 CORRIGENDA
984 2455 1060 2498 ΕΤ
1086 2455 1388 2500 ADDENDA.

335 2553 574 2603 Nuperrime
592 2553 767 2592 Robinso
785 2554 950 2593 Ellisius
974 2555 1018 2593 in
1042 2556 1141 2594 actis
1167 2556 1374 2595 litterariis
1401 2552 1502 2594 eThe
1522 2552 1742 2606 Academy'

218 2612 420 2662 inscriptis
454 2610 507 2661 [a.
532 2613 657 2662 1879,
675 2613 750 2652 No.
772 2614 869 2662 387,
894 2627 932 2664 p.
952 2613 1055 2665 249]
1087 2615 1174 2653 fieri
1203 2628 1320 2665 posse
1351 2616 1452 2654 dixit
1482 2617 1530 2653 ut
1561 2628 1608 2659 ex
1641 2615 1761 2654 codi-.

220 2670 332 2710 cibus
363 2671 478 2710 fiores
503 2673 710 2720 poetarum
728 2672 943 2711 latinorum
963 2674 1256 2713 continentibus
1278 2677 1462 2724 excerpta
1480 2675 1746 2724 Propertiana

219 2730 523 2779 protrahantur:
574 2733 709 2768 extare
758 2731 862 2769 enim
897 2733 947 2770 in
982 2733 1110 2772 indice
1153 2736 1359 2772 auctorum
1403 2725 1528 2773 codici
1564 2733 1744 2771 Parisino

224 2789 386 2827 15-155
403 2801 503 2827 saec.
522 2789 621 2827 XIII
633 2790 852 2838 praemisso
871 2791 1074 2842 Propertii
1090 2805 1245 2841 nomen,
1272 2793 1382 2832 nullo
1401 2795 1536 2831 tamen
1554 2805 1745 2831 uersuum

225 2859 274 2886 ex
298 2860 345 2886 eo
370 2847 670 2897 desumptorum
695 2849 866 2899 uestigio
884 2851 926 2888 in
948 2851 1036 2900 ipso
1055 2852 1187 2891 codice
1206 2852 1356 2891 relicto.
1386 2865 1467 2890 non
1484 2854 1591 2890 recte
1611 2853 1744 2890 autem

224 2905 288 2944 uir
319 2907 459 2945 doctus
489 2909 607 2956 putat
637 2907 722 2946 fore
753 2910 800 2947 ut
830 2909 918 2948 aliis
950 2910 1145 2950 eiusmodi
1173 2911 1414 2950 membranis
1446 2911 1659 2961 diligenter
1689 2910 1747 2948 in-

295 2978 507 3006 Pnornnus.
1368 2980 1410 3011 13
1421 2976 1463 2998 ²⁸*
