1898 3190
646 166 908 203 PBOPER'I'II
930 164 1021 201 LIB.
1047 164 1110 200 111.
1138 168 1191 200 11.
1600 161 1686 203 1225

333 276 601 319 Vulneribus
631 275 779 318 didicit
808 275 937 318 miles
964 274 1125 317 habere
1154 275 1329 315 metum.

275 347 371 391 Ista
399 361 481 404 ego
512 347 747 402 praeterita
776 347 937 389 iactaui
968 346 1103 389 uerba
1131 345 1325 388 iuuenta:

331 419 397 461 Tu
427 435 541 462 nunc
573 419 770 475 exemplo
801 419 916 461 disce
946 418 1100 461 timere
1130 431 1241 459 meo.

275 489 449 534 Colchis
478 491 704 547 flagrantis
735 490 1014 533 adamantina
1044 489 1124 531 sub
1156 489 1260 543 iuga
1290 490 1439 529 tauros

217 573 261 604 10
333 561 440 618 Egit
472 564 516 604 et
547 563 763 617 armigera
792 561 960 616 praelia
991 560 1102 602 seuit
1131 559 1285 612 humo,

276 631 564 688 Custodisque
595 633 710 675 feros
743 632 898 675 clausit
930 630 1141 686 serpentis
1172 630 1335 685 hiatus,

334 703 424 746 Iret
454 707 503 746 ut
532 704 747 747 Aesonias
780 718 910 746 aurea
939 703 1042 744 lana
1071 701 1235 744 domos.

274 774 395 816 Ausa
424 774 546 818 ferox
576 776 630 817 ab
663 789 771 830 equo
804 773 1022 830 quondam
1053 773 1304 828 obpugnare
1337 771 1511 827 sagittis

331 845 510 888 Iniectis
542 845 742 888 Danaum
773 845 1047 887 Penthesilea
1077 846 1211 900 rates;

217 927 260 959 15
273 917 419 959 Aurea
449 917 551 972 quoi
581 919 810 972 postquam
841 915 1022 958 nudauit
1051 915 1222 957 cassida
1251 913 1458 969 frontem,

331 986 451 1030 Vicit
479 988 688 1030 uictorem
720 987 903 1029 candida
933 986 1073 1029 forma
1102 985 1255 1038 uirum.

274 1057 486 1113 Omphale
517 1058 563 1100 in
593 1061 765 1101 tantum
796 1058 962 1099 formae
992 1056 1204 1111 processit
1234 1056 1462 1111 honorem,

330 1129 467 1185 Lydia
497 1128 674 1185 Gygaeo
704 1129 843 1172 tincta
873 1129 1019 1184 puella
1048 1128 1164 1183 lacu,

273 1199 352 1255 Ut,
383 1201 456 1255 qui
485 1203 640 1255 pacato
673 1201 898 1243 statuisset
928 1200 974 1242 in
1005 1199 1109 1242 orbe
1140 1199 1381 1253 columnas,

215 1283 260 1314 20
333 1271 441 1313 Tam
472 1271 579 1313 dura
608 1271 801 1314 traheret
831 1271 980 1313 mollia
1009 1285 1144 1325 pensa
1176 1285 1318 1312 manu.

276 1341 505 1385 Persarum
537 1343 691 1385 statuit
721 1341 948 1398 Babylona
980 1341 1231 1384 Semiramis
1262 1341 1430 1395 urbem,

334 1412 397 1456 Ut
428 1413 612 1456 solidum
644 1416 765 1456 cocto
797 1414 969 1456 tolleret
1000 1426 1159 1469 aggere
1190 1427 1297 1467 opus
1305 1446 1317 1466 ,

272 1484 334 1527 Et
363 1484 447 1527 duo
477 1485 525 1527 in
555 1485 783 1527 aduersum
813 1484 935 1527 missi
966 1499 1042 1540 per
1073 1483 1244 1527 moenia
1274 1498 1424 1525 currus

251 1671 357 1707 Tm.
408 1676 464 1718 11,
491 1675 546 1708 15.
596 1671 835 1708 Charisius
860 1684 896 1717 p.
914 1675 1003 1717 '103,
1031 1675 1074 1707 15
1094 1671 1155 1709 K:
1184 1671 1310 1706 ‘multi
1335 1669 1519 1706 cassidam
1545 1669 1687 1717 dicunt,

156 1732 200 1767 ut
222 1731 457 1777 Propertius:
489 1742 602 1768 aurea
622 1752 664 1757 -
686 1731 873 1767 frontem)
902 1731 947 1766 cf.
975 1732 1013 1766 et
1037 1732 1167 1766 auctor
1191 1730 1236 1766 de
1262 1730 1347 1767 dub.
1380 1741 1479 1766 nom.
1514 1731 1685 1777 [gramm.

156 1791 223 1827 lat.
250 1791 296 1837 V,
322 1794 405 1836 ⁵763
428 1791 502 1838 22].
1559 1792 1564 1795 ’

253 1957 345 1994 Vn.
370 1970 469 1994 Lscr.
521 1962 540 1993 7
567 1969 655 2003 egro
679 1961 707 1991 F
736 1959 750 2004 ΙΙ
782 1961 826 1992 10
852 1957 972 1993 saeuit
995 1962 1024 1991 Ι)
1054 1958 1068 2003 ΙΙ
1093 1961 1136 1992 11
1164 1957 1374 2002 Custodiam
1400 1967 1445 1991 ex
1468 1955 1614 2000 -ditque
1639 1968 1685 1993 m.

157 2016 236 2052 ead.
261 2026 353 2052 corr.
379 2020 407 2051 r
440 2019 446 2062 Ι
478 2017 582 2052 fexos
606 2020 651 2062 F,
677 2028 768 2053 corr.
794 2029 839 2053 m.
865 2021 891 2053 2
917 2017 1010 2061 (ead.
1036 2028 1104 2062 my.
1131 2017 1179 2053 al.
1204 2017 1335 2061 fessos)
1367 2017 1381 2062 ΙΙ
1412 2020 1455 2050 12
1481 2015 1631 2051 exonias
1655 2019 1684 2049 D

157 2073 322 2122 esonias,
347 2087 365 2110 s
388 2087 434 2112 ex
457 2087 570 2121 corr„
594 2079 625 2110 V
660 2078 673 2122 ΙΙ
711 2081 754 2111 13
779 2076 884 2111 ferax
907 2079 935 2109 r
957 2077 962 2120 Ι
983 2078 1007 2120 ξ
1033 2077 1115 2121 (my.
1143 2087 1187 2111 m.
1213 2079 1239 2111 2
1266 2074 1468 2120 quondam)
1495 2078 1523 2108 F
1558 2076 1563 2119 ἱ
1598 2075 1683 2120 obp.

156 2136 206 2168 8:
231 2145 317 2180 opp.
343 2137 369 2168 0
390 2136 396 2178 Ι
418 2134 575 2181 sagipiu‘s
600 2139 628 2169 F
646 2135 660 2180 ΙΙ
680 2139 724 2169 14
749 2134 897 2170 Iniectis
918 2137 962 2169 0:
989 2134 1123 2169 Meotis
1147 2137 1175 2167 Ε
1199 2145 1268 2179 my.
1294 2145 1337 2168 m.
1365 2136 1410 2179 2,
1435 2138 1467 2168 K
1488 2135 1494 2177 1
1515 2134 1684 2179 panthes.

156 2196 186 2226 Β
203 2195 235 2226 V
260 2194 401 2239 pentes.
424 2197 453 2227 P
471 2197 503 2228 Π
521 2195 534 2239 Ι]
554 2198 597 2229 15
622 2193 711 2239 quoi
735 2204 811 2238 eyo:
838 2193 904 2238 qni
929 2196 954 2227 0
980 2193 1040 2228 cui
1064 2197 1092 2227 F
1117 2204 1161 2229 m.
1187 2197 1231 2238 2,
1257 2195 1287 2226 V
1312 2203 1421 2236 corr.,
1447 2196 1478 2227 Π
1496 2194 1510 2238 ΙΙ
1531 2197 1572 2228 16
1591 2197 1686 2238 puto

159 2251 318 2288 candida
340 2252 448 2298 uirgo
473 2253 595 2288 uirum
631 2254 644 2298 ΙΙ
674 2257 760 2298 post
786 2257 829 2288 16
864 2254 977 2288 unius
1001 2253 1117 2288 lineae
1141 2253 1378 2288 interstitium
1402 2263 1481 2287 cum
1507 2253 1613 2287 titulo
1638 2252 1685 2287 de

158 2311 332 2357 omphale
357 2313 398 2346 in
421 2315 450 2346 F
477 2313 489 2356 11
515 2316 558 2347 17
586 2312 808 2357 Omphaliae
832 2317 861 2346 D
887 2312 1069 2358 Omphale
1095 2314 1130 2358 (e
1155 2323 1200 2347 ea:
1224 2313 1330 2357 corr.)
1356 2314 1403 2357 V,
1428 2312 1523 2356 quod
1546 2312 1687 2355 faueret

159 2370 357 2406 Schraderi
387 2375 580 2413 commento
612 2371 828 2416 Omphalie,
863 2372 968 2406 modo
997 2372 1041 2406 de
1070 2372 1138 2406 hae
1167 2372 1287 2414 forma
1312 2371 1464 2406 aliunde
1488 2374 1685 2414 constaret3

160 2429 343 2476 Omphale
368 2431 407 2465 et
429 2430 469 2465 in
494 2440 532 2473 ς;
568 2430 724 2466 Heinsio
750 2430 933 2476 Omphale
963 2441 1007 2465 ex
1031 2431 1238 2475 ylossemate
1261 2431 1448 2475 irrepsisse
1472 2434 1523 2465 est
1546 2431 1685 2473 uis-mm

156 2491 248 2534 puto
271 2488 455 2534 Egregiae
480 2488 520 2523 in
544 2489 723 2535 tantumn
743 2493 787 2525 18
811 2489 928 2526 Lidea
945 2493 972 2523 r
998 2489 1026 2534 (i
1044 2500 1160 2534 supra
1185 2501 1205 2525 e
1230 2501 1274 2524 m.
1295 2490 1335 2534 2)
1361 2488 1472 2524 Lidia
1495 2492 1527 2523 Π
1549 2491 1554 2533 Ι
1575 2489 1688 2535 gigea

159 2548 198 2592 (o
220 2558 336 2593 supra
361 2558 384 2582 a
406 2559 452 2583 m.
478 2550 519 2592 2)
543 2552 570 2582 Ε
596 2560 718 2594 gygeo
743 2549 850 2584 ceteri
862 2548 874 2595 Η
894 2552 938 2584 19
963 2549 1143 2594 colflpnas
1168 2552 1196 2582 Ε·
1214 2549 1277 2593 11ss
1295 2552 1340 2583 20
1365 2548 1458 2583 dura
1475 2559 1520 2583 ex
1539 2547 1621 2583 dira
1638 2559 1684 2584 m.

162 2606 241 2642 cad.
267 2617 359 2642 corr.
379 2609 411 2640 Π
428 2607 441 2652 ΙΙ
452 2610 537 2651 post
556 2610 602 2641 20
626 2608 862 2643 interstitium
886 2608 928 2642 in
953 2610 978 2641 0
1004 2610 1093 2653 (non
1117 2607 1159 2642 in
1176 2610 1239 2651 Π),
1265 2608 1307 2641 in
1330 2618 1400 2652 quo
1426 2607 1472 2643 de
1498 2606 1687 2642 semirami

161 2667 250 2710 (ηυγ
269 2665 313 2710 1¹)
336 2668 364 2699 F
382 2669 411 2700 Β
437 2666 509 2709 (hic
528 2677 596 2711 my.
614 2666 707 2701 haec
731 2666 878 2712 aelegia
894 2667 1020 2712 potest
1037 2665 1247 2702 continuari
1264 2667 1518 2712 praecedenti)
1542 2667 1685 2710 habent,

159 2725 190 2758 V
214 2727 349 2760 autem:
388 2724 649 2760 continuantur
685 2724 778 2760 haec
809 2725 975 2761 carmina
1005 2737 1089 2761 cum
1114 2725 1365 2770 sequentibus.
1393 2725 1437 2760 de
1463 2724 1651 2761 semirami
1674 2724 1686 2770 Η

160 2786 205 2818 21
240 2782 391 2830 statuit]
415 2783 542 2828 posuit
567 2783 793 2819 Schrader-us
808 2783 812 2831 Ι
826 2783 942 2820 babil.
966 2788 994 2819 F
1012 2785 1026 2830 ss
1044 2788 1128 2820 ante
1152 2788 1197 2819 22
1222 2785 1295 2820 duo
1314 2795 1442 2820 uersus
1460 2784 1686 2819 intercidisse

161 2842 336 2878 uidentur
356 2843 362 2887 Ι
383 2841 551 2888 cingeret
574 2842 797 2878 Fonteinius
825 2843 829 2889 Ι
857 2854 968 2889 agere
992 2847 1037 2888 r,
1062 2854 1155 2881 corr.
1179 2855 1226 2879 m.
1251 2847 1277 2880 2
1304 2844 1396 2887 (ead.
1422 2854 1490 2888 my.
1516 2843 1648 2888 latere)
1673 2842 1686 2887 Η

162 2903 208 2935 23
233 2900 319 2946 duo]
346 2900 420 2936 dio
444 2904 476 2935 Π
497 2902 503 2945 Ι
524 2900 629 2937 missi
655 2904 697 2937 0:
723 2901 826 2938 misit
850 2903 947 2939 Itali
969 2901 1129 2938 immissi
1153 2903 1283 2938 Dousa
1304 2904 1310 2947 Ι
1331 2901 1525 2947 permenia
1545 2904 1570 2936 0
