1898 3190
245 149 303 189 24
749 148 1007 184 PROPERTII
1032 149 1121 183 LIB.
1147 149 1175 183 Ι.
1202 151 1257 185 15.

362 257 423 299 At
454 272 541 300 non
575 258 636 299 sic
667 257 808 299 Ithaci
839 257 1035 312 digressu
1067 258 1186 299 mota
1217 254 1406 312 Calypso

311 340 349 371 10
424 328 618 370 Desertis
651 328 755 370 olim
784 327 965 370 fleueraiz
997 328 1274 383 aequoribus:

362 399 527 441 Multos
556 399 633 441 illa
664 399 754 440 dies
785 399 1014 454 incomptis
1046 401 1213 440 maesta
1243 398 1410 453 capillis

423 469 602 512 Sederat
630 471 791 512 iniuslzo
823 470 1136 513 multa-locuta
1166 471 1276 525 salo,

363 542 423 584 Et
454 541 651 597 quamuis
681 556 917 596 numquam
947 544 1048 596 post
1078 541 1186 583 haec
1215 541 1363 583 uisura
1393 541 1567 584 dolebat

308 624 351 654 14
422 612 505 655 Illa
534 616 680 655 tamen
710 613 866 668 longae
898 612 1069 655 conscia
1098 612 1300 654 laetitiae.

308 696 350 726 17
366 683 456 726 Nec
489 685 549 726 sic
581 683 830 726 Aesoniden
860 683 1126 739 rapientibus
1154 684 1281 725 anxia
1311 683 1454 725 uentis

425 755 664 811 Hypsipyle
694 770 830 797 uacuo
862 755 1059 798 constitiiz
1088 755 1134 796 in
1165 754 1375 797 thalamo:

367 826 606 882 Hypsipyle
637 826 780 869 nullos
811 828 912 880 post
943 826 1041 868 illos
1075 826 1209 867 sensit
1241 840 1430 881 amores,

306 908 352 940 20
425 897 487 939 Ut
519 897 648 938 semel
679 896 921 939 Haemonio
952 897 1095 938 tabuit
1124 896 1326 951 hospitio.

311 980 351 1010 15
368 967 661 1023 Alphesiboea
694 982 794 1010 suos
827 969 919 1009 ult-a
950 970 1016 1010 est
1046 982 1124 1023 pro
1157 967 1338 1023 coniuge
1368 967 1544 1022 fra-tres,

310 1051 351 1081 16
427 1038 661 1094 Sanguinis
694 1042 736 1080 et
769 1039 854 1080 cari
886 1039 1061 1080 uincula
1091 1039 1208 1093 rupit
1240 1029 1371 1080 amor.

308 1122 349 1152 21
368 1109 575 1164 Coniugis
606 1109 784 1151 Euadne
816 1110 996 1152 miseros
1029 1110 1143 1152 elata
1173 1124 1249 1164 per
1278 1110 1402 1165 ignes

426 1181 610 1236 Occidit,
642 1181 833 1236 Argiuae
864 1181 982 1223 fama
1013 1181 1254 1236 pudicitiae.

367 1252 558 1302 Quarum
589 1253 711 1294 nulla
742 1254 840 1294 tuos
872 1251 1015 1307 potuit
1047 1254 1294 1294 conuertere
1325 1266 1483 1307 mores»,

426 1323 490 1365 Tu
523 1338 690 1379 quoque
722 1323 786 1365 uti
817 1323 941 1365 fieres
972 1323 1131 1365 nobilis
1162 1323 1358 1365 historia.

308 1406 352 1436 25
367 1395 527 1436 Desine
559 1395 646 1436 iam
678 1409 879 1436 reuocare
911 1394 998 1435 tuis
1029 1394 1217 1449 periuria
1248 1394 1408 1449 uerbis,

427 1463 633 1521 Cynthia,
666 1473 708 1508 et
739 1466 898 1508 oblitos
930 1480 1057 1520 parce
1089 1479 1261 1507 mouere
1294 1465 1414 1520 deos,

366 1536 538 1591 Audax,
571 1552 596 1579 a
627 1537 807 1579 nimium
838 1538 989 1578 nostro
1021 1535 1208 1578 dolitura
1238 1524 1417 1590 periclo,

428 1606 472 1649 Si
504 1608 606 1663 quid
637 1608 748 1650 forte
779 1607 860 1649 tibi
892 1607 1038 1650 durius
1070 1607 1281 1649 inciderit.

367 1678 499 1720 Nulla
530 1679 649 1733 prius
682 1681 806 1721 uasto
838 1678 1040 1720 labentur
1070 1677 1247 1720 flumina
1279 1681 1432 1733 ponto,

310 1761 355 1791 30
431 1750 581 1791 Annus
614 1751 656 1791 et
688 1750 882 1791 inuersas
915 1749 1083 1791 duxerit
1115 1751 1214 1790 ante
1245 1749 1380 1802 uices,

347 1914 436 1947 VAR.
464 1926 560 1948 an'r.
612 1917 632 1948 9
671 1913 718 1947 Et
743 1915 790 1955 A,
809 1915 837 1945 F
864 1924 906 1947 m.
933 1916 953 1947 1
979 1914 982 1956 ξ
1006 1911 1120 1947 ithaci
1147 1915 1176 1946 V
1195 1924 1240 1948 m.
1261 1917 1303 1949 2:
1330 1913 1420 1949 itaci
1444 1917 1472 1947 D
1493 1915 1523 1946 V
1546 1913 1675 1958 ytachi
1699 1917 1728 1948 A
1747 1899 1788 1948 Ε·1

247 1972 376 2018 ythaci
390 1976 421 2006 N
438 1974 441 2015 1
457 1973 577 2007 morte
590 1975 617 2005 F
631 1983 675 2007 m.
690 1976 730 2015 13
750 1971 908 2006 immota
921 1971 1106 2006 Graeuius
1123 1971 1125 2016 1
1144 1970 1283 2017 calipso
1299 1972 1406 2017 (chal.
1422 1974 1465 2017 A)
1481 1975 1517 2015 0,
1532 1982 1621 2007 corr.
1634 1975 1665 2006 V
1678 1984 1722 2007 m.
1737 1976 1774 2018 2,

248 2035 279 2066 N
298 2032 310 2076 ΙΙ
332 2036 371 2066 11
394 2030 521 2066 Multis
534 2035 574 2074 1),
588 2033 617 2063 V
637 2042 682 2067 m.
696 2034 716 2065 1
741 2034 744 2070 Ι
767 2029 927 2065 incontis
946 2033 973 2063 F
991 2030 1004 2074 ll
1026 2034 1067 2064 12
1089 2029 1160 2064 Sed
1180 2032 1258 2065 erat
1278 2034 1306 2064 D
1325 2030 1338 2075 ΙΙ
1359 2034 1402 2064 14
1421 2030 1544 2066 leticie
1557 2034 1587 2065 A
1605 2032 1618 2076 ΙΙ
1636 2043 1698 2066 uu.
1712 2033 1777 2077 qui

247 2094 334 2125 sunt
361 2091 400 2124 in
425 2093 449 2123 0
485 2094 527 2124 15
554 2092 587 2124 et
613 2093 655 2124 16
686 2092 768 2133 post
799 2092 844 2123 20
877 2092 1180 2133 transposuerunt
1207 2089 1457 2124 Marklandus
1488 2094 1520 2125 et
1551 2090 1777 2127 Schraderus

249 2151 343 2194 (post
363 2153 407 2184 22
427 2149 558 2184 maluit
572 2148 845 2192 Lachmannus)
869 2150 873 2191 1
897 2151 940 2182 15
961 2147 1204 2192 Alphisiboea
1222 2151 1252 2182 A
1265 2151 1292 2181 F
1305 2151 1336 2181 N
1356 2148 1584 2194 (Alphoesib.
1604 2153 1632 2183 r
1650 2161 1695 2185 m.
1710 2143 1775 2196 ,2)’ζὶἶ

251 2236 293 2267 17
322 2231 498 2267 esoniden
523 2234 553 2265 A
579 2230 761 2266 exoniden
785 2234 812 2264 F
845 2230 1038 2265 exonidem
1063 2235 1092 2264 1)
1128 2229 1315 2278 esonidem
1340 2234 1370 2264 V
1388 2232 1401 2276 ΙΙ
1421 2234 1482 2275 18,
1510 2234 1553 2267 19
1578 2217 1776 2279 Hyi'siphile

251 2290 459 2337 (Hysiphile
478 2292 522 2335 NJ
542 2294 575 2326 et
600 2288 823 2336 Hypsiphile
843 2292 872 2323 A
891 2292 940 2333 N,
966 2289 1147 2334 Ysiphyle
1167 2293 1199 2324 et
1217 2288 1387 2334 Ysiphile
1405 2293 1446 2334 F,
1469 2290 1654 2337 Hipsipile
1673 2292 1728 2328 bis
1746 2295 1774 2326 D

249 2350 445 2396 Hipsipyle
465 2350 520 2385 bis
538 2352 568 2383 V
587 2351 625 2395 (y
644 2360 688 2384 ex
707 2359 797 2384 corr.
817 2360 862 2383 m.
879 2350 913 2393 1)
932 2348 945 2393 ΙΙ
963 2352 1008 2383 20
1034 2348 1204 2384 aemonio
1223 2353 1252 2382 1)
1272 2349 1347 2392 (sed
1364 2360 1387 2385 a
1405 2361 1449 2385 em
1467 2351 1591 2396 corn),
1610 2353 1642 2385 V
1658 2362 1704 2387 m.
1724 2354 1744 2386 1
1767 2350 1771 2398 Ι

250 2421 417 2467 hospicio
431 2424 462 2455 A
474 2425 502 2455 D
517 2451 528 2467 1,
541 2425 585 2455 21
606 2420 795 2456 aeuadnae
809 2424 837 2454 Ι)
852 2419 995 2468 euadne
1009 2423 1039 2453 V
1053 2422 1110 2465 (ex
1129 2408 1511 2457 effiadne=Euhadne
1524 2422 1710 2468 archetypi
1716 2421 1752 2467 ?)
1767 2421 1772 2469 Ι

251 2491 351 2515 seros
378 2480 556 2516 Heinsius
580 2479 716 2514 mixtos
741 2479 984 2514 Burmannus
1010 2481 1016 2523 1
1044 2479 1154 2514 illata
1178 2479 1342 2525 Guyetus
1365 2479 1493 2514 ablata
1516 2479 1777 2516 Lachmannus

252 2539 393 2574 laetata
417 2538 705 2583 Peerlkampius3
737 2539 798 2574 sed
831 2538 930 2574 elata
961 2541 1092 2583 aequat
1121 2538 1196 2582 fere
1221 2537 1407 2573 concitata.
1431 2541 1465 2574 et
1488 2538 1728 2585 magnanima
1763 2539 1776 2585 Η

250 2625 294 2656 22
321 2620 505 2665 pudicicie
524 2623 555 2654 A
573 2622 586 2666 ΙΙ
604 2625 648 2656 23
676 2621 816 2656 Harum
839 2621 1029 2656 Francius
1055 2622 1067 2666 ΙΙ
1096 2625 1142 2655 24
1166 2620 1327 2666 quoque]
1355 2605 1379 2666 (ἵ
1403 2623 1434 2654 A
1458 2620 1544 2666 qud'
1570 2622 1664 2666 (mqo
1681 2632 1725 2656 m.
1746 2624 1772 2657 2

251 2688 309 2749 2'1;)
335 2707 362 2737 1·
403 2707 407 2743 ι
448 2703 617 2749 hystoria
641 2707 671 2737 A
689 2707 721 2737 n
744 2703 886 2748 ystoria
910 2707 937 2737 ιτ
961 2703 974 2749 ss
1000 2707 1044 2738 27
1070 2703 1120 2737 ha
1144 2706 1174 2737 A
1192 2707 1220 2737 r
1245 2703 1294 2739 ah
1319 2704 1424 2739 cetera·
1453 2704 1466 2748 ιι
1498 2707 1543 2739 28
1569 2703 1593 2738 S
1620 2702 1720 2748 quod
1743 2706 1774 2737 Δ

253 2763 368 2807 (quod
393 2763 502 2798 etiam
525 2765 567 2807 1¹)
603 2763 616 2807 ΙΙ
652 2762 738 2808 tibi]
766 2762 858 2797 mihi
884 2762 948 2808 ςἸΙ
979 2766 1024 2797 29
1056 2762 1170 2798 Nulla
1198 2762 1447 2797 Passeratius:
1472 2762 1593 2797 Multa.
1617 2764 1643 2796 0
1667 2761 1773 2796 Muta

254 2822 427 2856 Mun-etus
477 2823 482 2866 1
522 2821 697 2856 labantur
724 2822 973 2857 Marklandus
1014 2822 1027 2867 ΙΙ
1069 2825 1115 2856 30
1158 2820 1315 2856 inuersis
1339 2823 1386 2865 A,
1406 2824 1434 2855 F
1464 2832 1508 2856 m.
1534 2823 1555 2856 1
1596 2821 1602 2865 Ι
1641 2819 1721 2855 uias
1745 2823 1773 2855 r

251 2881 370 2925 uices,
397 2891 435 2915 es
458 2881 613 2926 fortasse
637 2891 681 2917 ex
705 2890 796 2916 corr.
823 2883 870 2917 A.
