1898 3190
17 2993 39 2998 y,
20 2906 38 2963 ..a
0 2484 38 2892 Mw“‘

675 172 939 208 PROPERTII
963 172 1066 207 Lm:
1077 172 1124 208 Π.
1150 175 1183 206 5.
1629 168 1690 209 45

338 279 540 324 Vellicet:
569 280 654 322 heu
686 295 782 323 sero
813 280 936 322 flebis
969 282 1116 322 amata
1146 279 1231 320 diu.

280 351 410 395 Nunc
440 354 507 393 est
536 353 602 395 ira
632 366 780 394 recens
788 386 800 406 ‚
829 366 943 393 nunc
973 353 1042 393 est
1072 349 1286 392 discedere
1317 351 1507 404 tempus:

224 434 268 466 10
340 421 387 465 Si
418 422 541 465 dolor
572 423 778 478 abfuerit,
810 422 952 478 crede,
982 421 1142 464 redibit
1172 435 1304 463 amor.

279 492 381 536 Non
410 494 474 536 ita
505 493 765 550 Carpathiae
795 495 969 536 uariant
997 491 1288 549 Aquilonibus
1318 491 1479 545 undae,

338 563 430 606 Nec
460 565 590 607 dubio
622 566 759 608 nubes
790 565 975 607 uertitur
1007 566 1102 606 atra
1132 561 1271 618 Noto,

280 634 420 685 Quam
450 636 577 678 facile
607 636 711 679 irati
740 637 874 679 uerbo
905 637 1128 678 mutantur
1158 636 1373 676 amantes:

336 705 451 748 Dum
481 707 600 762 licet,
630 708 791 750 iniusto
824 706 1029 750 subtrahe
1058 705 1172 748 colla
1201 706 1317 761 iugo.

222 788 265 820 15
277 777 369 820 Nec
398 780 447 820 tu
479 793 569 820 non
600 777 779 834 aliquid,
811 778 884 820 sed
915 778 1056 833 prima
1085 779 1230 830 nocte,
1261 775 1447 818 dolebis:

338 847 475 890 Omne
506 849 551 890 in
583 863 728 891 amore
759 849 940 903 malum,
972 849 1009 890 si
1039 847 1225 902 patiare,
1256 847 1350 888 leue
1383 850 1462 889 est.

280 919 342 961 At
370 922 418 962 tu
448 934 526 975 per
555 919 753 962 dominae
784 919 964 962 Iunonis
995 919 1138 962 dulcia
1167 919 1264 960 iura

338 990 472 1032 Parce
502 990 590 1032 tuis
621 991 797 1044 animis,
827 991 937 1045 uita,
968 1004 1122 1032 nocere
1152 989 1249 1031 tibi.

277 1059 378 1103 Non
409 1061 549 1103 solum
579 1063 731 1103 taurus
762 1061 863 1103 ferit
892 1061 1016 1103 uncis
1047 1060 1251 1103 cornibus
1282 1059 1471 1114 hostem,

220 1142 267 1173 20
337 1130 503 1173 Verum
533 1131 665 1174 etiam
697 1133 876 1174 instanti
906 1133 1025 1174 laesa
1054 1134 1269 1187 repugnat
1300 1131 1405 1174 ouis.

278 1200 370 1243 Nec
400 1202 482 1244 tibi
513 1203 710 1257 periurae
743 1202 936 1245 scindam
967 1203 1019 1245 de
1050 1217 1229 1257 corpore
1260 1206 1423 1257 uestes,

338 1271 429 1314 Nec
460 1288 557 1315 mea
587 1274 834 1329 praeclusas
866 1274 1048 1330 fregerit
1077 1274 1143 1316 ira
1173 1274 1310 1327 fores,

278 1341 371 1386 Nec
400 1343 484 1386 tibi
514 1359 699 1388 conexos
731 1345 870 1387 iratus
896 1359 1072 1400 carpere
1103 1345 1241 1387 crines

338 1412 430 1456 Nec
461 1414 580 1456 duris
612 1415 752 1457 ausim
783 1416 950 1457 laedere
982 1415 1226 1470 pollicibuS.

221 1495 267 1527 25
280 1484 485 1528 Rusticus
515 1485 621 1527 haec
653 1485 810 1541 aliquis
840 1488 933 1527 tam
964 1486 1110 1541 turpia
1141 1485 1306 1541 praelia
1338 1488 1536 1541 quaerat,

340 1555 472 1600 Cuius
503 1571 592 1599 non
621 1556 805 1599 hederae
837 1557 1040 1599 circuiere
1072 1559 1214 1612 caput.

282 1626 479 1670 Scribam
509 1628 662 1683 igitur,
693 1628 807 1683 quod
837 1642 926 1670 non
956 1643 1161 1684 umquam
1191 1630 1268 1670 tua
1299 1628 1441 1670 deleat
1472 1630 1587 1670 acta:

340 1697 547 1754 ‘Cynthia
577 1699 717 1741 forma
748 1701 920 1754 potens,
952 1698 1138 1754 Cynthia
1167 1699 1301 1742 uerba
1330 1697 1467 1740 leuis?

282 1767 417 1812 Crede
447 1769 573 1824 mihi,
604 1771 802 1825 quamuis
835 1773 1083 1812 contemnas
1115 1785 1337 1813 murmura
1366 1770 1528 1824 famae,

223 1851 269 1882 30
341 1839 424 1882 Hic
453 1840 536 1882 tibi
565 1841 744 1896 pallori,
776 1840 985 1897 Cynthia,
1015 1856 1166 1884 uersus
1198 1841 1291 1883 erit.

260 2193 351 2228 Vn.
376 2205 475 2230 mer.
524 2196 546 2227 8
573 2192 754 2228 Vendicet
776 2198 806 2227 1)
824 2196 855 2226 V
880 2194 952 2238 (hic
975 2205 1043 2240 my.
1063 2206 1109 2229 m.
1129 2198 1155 2231 ,2
1181 2196 1222 2230 at
1245 2193 1411 2239 uellicet)
1432 2196 1439 2239 Ι
1460 2205 1507 2229 eu
1530 2198 1558 2228 r
1583 2206 1629 2230 m.
1650 2198 1690 2237 13

165 2262 214 2287 en
231 2261 254 2289 ς
270 2252 286 2296 Ι
305 2255 348 2286 10
372 2250 447 2286 abf.
466 2255 495 2285 1)
508 2253 538 2284 V
556 2252 604 2295 (et
621 2254 650 2284 P
667 2263 713 2286 m.
732 2252 789 2296 2):
809 2250 869 2286 aff.
889 2255 918 2285 F
931 2254 980 2295 Πς
998 2263 1088 2288 num
1100 2252 1303 2298 aufugiet?
1325 2254 1331 2297 1
1353 2253 1464 2289 corde
1482 2253 1662 2289 Heinsius
1679 2255 1692 2299 ,Η

169 2313 211 2345 11
237 2309 440 2357 carpathyg,
464 2313 496 2344 v
517 2311 533 2355 n
558 2314 601 2345 12
624 2310 742 2346 notho
767 2315 795 2346 r
812 2314 845 2344 Π
874 2311 886 2356 Ι]
919 2316 963 2346 14
988 2312 1138 2348 subtrae
1162 2316 1191 2346 r
1213 2314 1227 2358 Ι
1253 2317 1297 2348 18
1323 2312 1379 2348 ita
1402 2317 1430 2347 r
1454 2314 1468 2359 Ι
1498 2318 1542 2349 19
1567 2312 1689 2359 uncis]

166 2368 288 2404 unctis
310 2371 340 2401 P
363 2379 408 2405 m.
435 2372 455 2403 1
487 2370 501 2414 ΙΙ
531 2373 575 2404 21
601 2369 770 2414 periurae
794 2374 823 2403 1)
842 2372 888 2404 V:
914 2370 1065 2416 periuro
1089 2375 1117 2405 1²
1135 2374 1167 2405 R
1192 2374 1239 2415 (et
1262 2374 1293 2405 V
1316 2383 1362 2407 m.
1388 2374 1430 2417 2)
1462 2374 1467 2417 Ι
1500 2374 1624 2408 uestes
1651 2375 1695 2407 0:

165 2429 309 2464 uestem
333 2437 355 2464 ς
372 2428 386 2473 Ι
404 2430 449 2462 22
475 2428 575 2474 mea]
601 2439 660 2464 me
685 2433 714 2463 1)
731 2430 746 2474 Ι
762 2432 808 2463 23
834 2439 991 2466 conexos
1016 2433 1064 2464 R:
1091 2441 1276 2466 connexos
1302 2432 1408 2466 ceteri
1430 2433 1444 2477 fl
1471 2435 1517 2466 26
1543 2431 1695 2467 circum-

165 2485 242 2522 iere
266 2489 299 2520 Π
333 2486 347 2531 Ι
381 2490 426 2521 27
463 2487 563 2531 quod
594 2499 783 2532 nunquam
807 2491 839 2522 R
868 2501 914 2524 m.
939 2493 961 2524 1
1001 2491 1008 2534 Ι
1046 2489 1173 2525 doleat
1201 2493 1234 2524 11
1267 2502 1313 2525 m.
1339 2494 1360 2525 1
1396 2491 1404 2535 Ι
1442 2493 1528 2526 acta
1560 2491 1695 2535 scripsi

166 2546 293 2591 (Misc.
320 2545 408 2582 Orit.
430 2558 470 2591 1).
497 2549 573 2591 85):
599 2548 733 2592 (a)etas
759 2549 879 2593 0129
905 2550 1148 2594 contempnas
1172 2553 1199 2583 F
1218 2553 1250 2583 Π
