1898 3190
251 141 281 183 4
741 144 1000 182 PROPERTII
1024 147 1112 182 LIB.
1139 148 1166 184 I.
1193 151 1224 184 2.
1251 152 1285 184 3.

371 251 474 294 Non
504 252 605 294 Idae
638 255 681 295 et
711 255 865 310 cupido
899 255 1116 311 quondam
1147 255 1361 299 discordia
1391 256 1566 299 Phoebo

430 321 571 364 Eueni
602 324 754 378 patriis
786 326 874 368 filia
905 326 1124 382 litoribus,

372 391 463 435 Nec
494 393 731 451 Phrygium
763 396 875 439 falso
906 397 1040 440 'nraxit
1071 397 1252 440 candore
1283 397 1484 440 marissum

312 474 357 506 20
431 464 597 507 Auecta
629 467 818 509 externis
850 468 1143 523 Hippodamia
1173 468 1301 510 rotis:

372 533 454 577 Sed
485 536 618 580 facies
651 537 800 581 aderat
830 539 960 582 nullis
993 541 1179 583 obnoxia
1210 540 1412 596 gemmis,

431 606 580 657 Qualis
612 607 805 664 Apelleis
838 613 904 653 es'n
935 612 1053 653 color
1084 611 1130 653 in
1159 611 1332 653 tabulis.

370 677 470 721 Non
501 679 588 722 illis
621 681 811 722 studium
842 682 973 737 uulgo
1006 682 1255 737 conquirere
1288 683 1498 724 amantes:

431 749 525 791 Illis
559 752 703 806 ampla
735 752 839 794 satis
870 752 986 794 fama
1016 752 1237 808 pudicitia.

311 830 355 861 25
372 819 472 863 Non
504 835 583 877 ego
615 837 729 865 nunc
760 837 910 865 vereor
940 837 995 865 ne
1028 823 1110 865 sim
1141 824 1223 866 tibi
1254 823 1384 866 uilior
1414 823 1528 865 istis:

429 892 517 935 Uni
550 894 587 935 si
619 909 704 950 qua
734 894 895 949 placet,
926 894 1044 936 culta
1074 895 1219 950 puella
1251 896 1320 937 sat
1350 897 1435 951 θείη

371 961 478 1005 Οωέη
508 964 591 1006 tibi
621 965 875 1019 praesertim
907 964 1108 1008 Phoebus
1141 980 1219 1008 sua
1250 966 1442 1008 carmina
1473 965 1603 1008 doner

428 1035 698 1091 Aoniamque
729 1035 868 1078 libens
901 1035 1124 1091 Calliopea
1154 1037 1314 1092 lyram,
1618 1025 1624 1029 ”

369 1105 507 1148 Unica
538 1103 615 1149 nec
647 1107 759 1149 desii:
788 1107 982 1150 iocundis
1015 1107 1159 1162 gratia
1189 1108 1334 1163 dictis,

310 1186 354 1217 30
429 1175 586 1219 Omnia
617 1192 809 1233 quaeque
840 1176 987 1220 Venus
1020 1192 1212 1233 quaeque
1242 1178 1440 1220 Minerua
1470 1174 1639 1233 probat.

368 1246 449 1289 His
481 1250 529 1290 ‘nu
561 1263 730 1303 semper
761 1249 845 1291 eris
877 1252 1052 1291 nostrae
1083 1249 1333 1305 gratissima
1362 1249 1495 1302 uitae,

429 1317 590 1361 Taedia
622 1320 723 1361 dum
754 1320 935 1362 miserae
969 1320 1056 1362 sint
1086 1321 1168 1362 tibi
1199 1321 1403 1364 luxuriae.

972 1596 1056 1644 III.

369 1697 520 1747 Qualis
552 1698 719 1741 Thesea
750 1699 883 1741 iacui'n
915 1699 1090 1741 cedente
1123 1699 1271 1741 carina

426 1769 652 1825 Languida
683 1770 866 1813 desertis
899 1769 1063 1813 Gnosia
1094 1770 1312 1825 litoribus,

369 1839 519 1888 Qualis
551 1843 595 1883 et
627 1841 826 1884 accubuit
857 1841 998 1896 primo
1031 1840 1220 1896 Cepheia
1251 1855 1401 1883 somno

428 1910 586 1954 Libera
618 1913 705 1954 iam
737 1912 855 1954 duris
888 1913 1057 1955 cotibus
1090 1911 1381 1967 Andromede,

344 2098 432 2134 VAn.
460 2112 558 2134 Lacr.
623 2104 664 2135 17
691 2100 776 2136 idae
804 2103 833 2134 V
859 2112 903 2135 m.
930 2102 973 2145 2,
998 2104 1030 2134 N
1055 2111 1164 2136 corn:
1202 2099 1266 2135 ida
1290 2103 1318 2134 1>
1338 2102 1369 2132 N
1387 2101 1418 2132 V
1442 2098 1517 2144 yda
1541 2101 1572 2133 A
1589 2102 1634 2144 Ἐς
1671 2099 1776 2146 Idan,

250 2157 385 2203 cupido
418 2160 509 2194 coni.
542 2159 787 2195 Burmannus
823 2162 835 2205 ss
867 2164 910 2195 18
936 2160 1055 2195 Eueni
1079 2164 1111 2194 R
1135 2171 1179 2195 ex
1203 2170 1315 2204 eamn,
1348 2162 1376 2192 F
1406 2168 1475 2204 my.
1501 2169 1546 2195 m.
1572 2161 1615 2204 2,
1645 2162 1676 2192 V
1706 2170 1775 2204 my.

247 2228 292 2253 m.
319 2220 360 2252 2:
389 2217 524 2253 Euenit
550 2222 573 2253 0
599 2219 664 2264 (Et
682 2218 785 2254 uenit
802 2220 847 2264 R)
878 2221 890 2264 ss
923 2223 966 2254 19
992 2218 1070 2254 Nec
1095 2222 1126 2252 A
1144 2222 1172 2252 F
1190 2221 1238 2252 1:
1263 2218 1350 2253 Non
1372 2219 1445 2251 DV
1465 2218 1471 2262 Ι
1491 2217 1612 2263 phrig.
1637 2221 1665 2252 1³·
1689 2218 1774 2264 frig.

196 2278 205 2293 '
247 2279 277 2310 A
298 2278 319 2322 ,ΙΙ
351 2281 395 2313 20
422 2278 590 2313 Aduecta
615 2283 643 2312 D
672 2279 676 2322 1
721 2278 856 2324 yppod.
882 2281 912 2312 A
935 2278 1046 2323 ypod.
1072 2281 1099 2311 F
1124 2277 1250 2323 ippod.
1276 2279 1308 2310 R
1333 2287 1374 2311 m.
1400 2279 1421 2311 1
1453 2277 1466 2322 ΙΙ
1502 2281 1546 2312 21
1572 2277 1684 2313 faties
1707 2281 1740 2311 Π
1765 2277 1775 2324 15

247 2340 291 2371 22
318 2337 522 2381 appellaeis
546 2340 578 2370 N
608 2338 620 2381 ΙΙ
657 2340 702 2371 23
729 2336 859 2383 uulgo]
886 2337 970 2372 fuco
999 2337 1177 2371 Eldikius
1201 2336 1309 2371 uultu
1333 2336 1546 2380 Hoeufftius
1573 2337 1579 2382 Ι
1605 2336 1775 2382 aquirere

247 2399 317 2429 AF
343 2396 466 2439 (huius
490 2407 534 2430 m.
561 2398 587 2431 2
614 2397 707 2440 aeq.)
742 2396 747 2440 1
782 2395 932 2431 amittes
958 2398 988 2429 A
1012 2395 1167 2431 amictes
1192 2399 1219 2429 F
1246 2396 1317 2441 (hie
1341 2405 1409 2440 my.
1435 2405 1480 2429 m.
1507 2398 1533 2431 2
1559 2394 1775 2440 conquirere

247 2456 429 2499 amantes)
466 2455 478 2499 11
516 2459 561 2489 24
587 2455 612 2490 Ι.
639 2455 760 2491 forma
787 2454 877 2490 satis
903 2455 1030 2501 ampla
1053 2467 1088 2500 p.
1115 2457 1145 2488 A
1163 2458 1191 2488 F
1225 2455 1230 2498 Ι
1269 2454 1370 2489 fama
1393 2453 1526 2498 scripsi
1549 2453 1656 2491 Μίδα.
1683 2454 1774 2490 Urit.

243 2525 280 2558 p.
307 2516 371 2549 71:
398 2513 518 2549 forma
543 2515 663 2558 01125
688 2524 786 2549 nunc
812 2524 856 2549 ex
880 2524 954 2549 non
977 2525 1022 2549 m.
1049 2517 1069 2548 1
1097 2523 1187 2548 corr.
1214 2516 1246 2546 R
1267 2514 1272 2557 Ι
1295 2512 1344 2547 sis
1369 2510 1462 2546 mihi
1488 2521 1510 2549 ς
1540 2514 1552 2556 ΙΙ
1582 2515 1628 2547 26
1654 2512 1771 2559 culta]

246 2583 322 2608 una
345 2575 375 2606 A
393 2576 420 2606 F
446 2574 492 2618 (et
516 2577 544 2606 D
570 2584 637 2618 my.
660 2584 731 2618 pro
756 2584 837 2609 παν.
865 2573 972 2618 lect),
998 2582 1087 2608 corr.
1114 2576 1141 2605 F
1166 2582 1235 2617 my.
1260 2583 1306 2607 m.
1332 2575 1358 2608 2
1389 2572 1401 2616 ΙΙ
1430 2574 1476 2606 28
1502 2570 1673 2617 caliopea.
1695 2576 1724 2606 1)
1743 2575 1773 2606 V

247 2633 302 2677 (in
326 2632 400 2667 hoe.
426 2643 471 2666 m.
498 2635 519 2666 1
547 2633 609 2667 alt.
634 2632 648 2666 1
674 2633 772 2677 add.)
795 2633 801 2677 Ι
823 2631 930 2667 liram
955 2634 1111 2665 AFDN
1135 2631 1211 2675 1129
1235 2641 1282 2666 ne
1307 2633 1378 2664 AF
1408 2631 1412 2673 Ι
1443 2629 1616 2665 facundis
1641 2631 1772 2666 Mark-

246 2691 380 2727 landus
403 2693 406 2736 Ι
429 2690 538 2725 dictis
562 2695 591 2724 D
611 2693 655 2725 V:
683 2691 806 2726 uerbis
831 2694 945 2724 AEN
971 2691 1018 2734 (et
1041 2694 1070 2724 D
1096 2700 1163 2735 my.
1184 2699 1256 2734 pro
1281 2699 1362 2725 aar.
1389 2689 1483 2733 lect„
1510 2691 1540 2723 V
1564 2700 1633 2735 my.
1657 2701 1703 2726 m.
1729 2691 1770 2734 2)

341 2762 405 2798 ΠΙ.
454 2762 568 2797 Noua
587 2762 702 2806 eleyia
720 2762 761 2796 in
781 2764 805 2795 0
827 2772 907 2797 cum
925 2761 1032 2796 titulo
1051 2760 1100 2796 ad
1120 2760 1310 2805 cynthiam
1327 2761 1340 2804 u
1358 2763 1378 2793 2
1405 2757 1536 2804 gnosio.
1555 2763 1598 2794 0:
1623 2759 1774 2805 gnossia

246 2825 275 2854 V
300 2833 344 2857 m.
372 2822 468 2866 2113
497 2820 630 2866 cepbia
654 2824 686 2854 Π
710 2831 755 2856 m.
782 2825 802 2855 1
827 2821 831 2867 Ι
856 2831 1009 2865 sompno
1035 2824 1065 2854 A
1083 2821 1095 2865 ΙΙ
1114 2823 1136 2854 4
1162 2820 1389 2855 andromade
1414 2821 1526 2852 Anr
1551 2820 1598 2864 (et
1620 2819 1775 2862 fortas-ee

245 2885 275 2914 V
300 2892 345 2915 m.
373 2882 406 2925 1)
