1898 3190
0 1312 5 1320 v.
0 1182 7 1303 -w———--

0 1473 7 1503 g

7 1922 24 1956 ἱ

6 1957 23 2015 3

7 2025 27 2126 {x

0 2123 25 2218 Ξ

679 179 939 216 PROPERTII
962 179 1052 215 LIB.
1078 178 1124 214 H.
1150 182 1206 214 32.
1638 174 1696 216 95

288 287 364 331 Sin
395 290 539 330 autem
568 289 700 344 longo
730 303 818 331 nox
849 303 935 330 una
966 289 1043 329 aut
1072 287 1209 328 altera
1238 286 1342 327 luxu

230 371 276 402 30
348 358 616 414 Consumpta
646 361 729 414 est,
758 374 847 402 non
877 373 947 400 me
978 357 1159 400 crimina
1188 371 1326 412 parua
1354 358 1542 398 mouent.

289 429 502 485 Tyndaris
535 433 711 472 externo
742 430 926 485 patriam
958 429 1145 471 mutauit
1176 443 1339 483 amore,

346 500 407 542 Et
436 501 529 543 sine
561 501 731 543 decreto
762 501 864 542 uiua
893 500 1070 542 reducta
1100 500 1275 542 domum
1306 502 1383 541 est.

287 571 390 626 Ipsa
421 571 582 626 Venus,
617 572 815 627 quamuis
846 575 1050 626 corrupta
1080 571 1260 612 libidine
1292 570 1468 624 Martis,

349 641 439 684 Nee
470 643 610 685 minus
641 644 687 685 in
718 644 835 685 caelo
868 657 1036 697 semper
1064 642 1248 684 honesta
1278 641 1377 695 fuit,

230 724 276 756 35
291 713 495 763 Quamuis
526 713 605 755 Ida
635 729 759 756 suum
790 716 1007 769 pastorem
1039 713 1156 755 dieat
1186 727 1354 754 amasse

352 785 494 839 Atque
525 785 638 827 inter
666 785 850 840 pecudes
882 785 1134 827 accubuisse
1164 783 1307 825 deam:

244 844 246 846 ¹
290 853 384 896 Hoc
415 858 459 896 et
488 855 840 910 Hamadryadum
872 855 1087 909 spectauit
1116 854 1246 895 turba
1277 868 1471 895 sororum

351 924 568 982 Silenique
600 940 724 968 senes
756 928 800 967 et
830 928 952 981 pater
981 925 1074 979 ipse
1105 924 1243 978 chori,

293 994 400 1038 Cum
432 997 587 1052 quibus
617 997 746 1039 Idaeo
778 996 886 1051 legit
917 995 1000 1037 sibi
1031 1009 1161 1050 poma
1193 995 1271 1036 sub
1304 997 1449 1049 antro,

232 1077 279 1109 40
352 1066 585 1123 Subposita
615 1067 830 1122 excipiens
861 1066 903 1109 N
906 1067 999 1109 3103
1030 1067 1145 1109 dona
1176 1081 1319 1108 manu.

292 1137 364 1180 An
394 1139 619 1193 quisquam
649 1139 693 1180 in
724 1140 850 1180 tanto
882 1140 1128 1192 stuprorum
1162 1136 1356 1178 examine
1388 1137 1555 1190 quaerit

350 1207 456 1252 ‘Cur
485 1209 591 1251 haee
621 1212 712 1251 tam
743 1208 896 1251 diues?
929 1209 1024 1264 quis
1056 1207 1202 1250 dedit?
1235 1207 1343 1249 unde
1374 1206 1542 1248 dedit?

293 1278 329 1321 Ο
360 1279 542 1320 111111111111
571 1283 720 1322 nostro
752 1279 922 1321 felicem
951 1282 1144 1333 tempore
1175 1277 1377 1333 Romam,
1553 1291 1558 1295 ·

353 1349 399 1392 Si
430 1353 580 1393 contra
610 1366 752 1393 mores
782 1365 870 1392 una
900 1350 1044 1405 puella
1073 1349 1196 1391 facit!

235 1431 281 1463 45
294 1420 412 1463 Haec
444 1421 592 1463 eadem
624 1425 722 1464 ante
753 1422 876 1464 illam
906 1422 994 1463 iam
1024 1421 1184 1475 inpune
1216 1423 1259 1462 et
1288 1419 1444 1462 Lesbia
1475 1419 1597 1461 feeit:

354 1491 472 1541 Quae
505 1493 714 1549 sequitur,
745 1495 860 1535 certe
891 1495 957 1534 est
987 1491 1202 1534 inuidiosa
1234 1492 1386 1532 minus.

296 1561 379 1612 Qui
408 1564 577 1618 quaerit
605 1563 754 1605 Latias
784 1566 952 1605 ueteres
984 1562 1197 1618 durasque
1230 1560 1413 1604 Sabinas
1421 1595 1432 1615 ‚

354 1633 438 1675 Η10
467 1635 614 1688 posuit
644 1638 794 1676 nostra
824 1648 961 1688 nuper
990 1634 1035 1675 in
1065 1634 1171 1675 urbe
1202 1632 1366 1688 pedem.

297 1703 361 1746 Tu
392 1705 511 1759 prius
543 1707 587 1746 et
614 1705 769 1747 fluetus
799 1705 960 1759 poteris
992 1705 1152 1746 siccare
1184 1704 1375 1745 marinos

238 1786 283 1818 50
356 1776 543 1831 Altaque
574 1776 748 1818 mortali
778 1775 970 1830 deripere
1002 1778 1122 1817 astra
1151 1789 1299 1830 manu,

297 1845 436 1896 Quam
466 1846 606 1888 facere
636 1850 685 1889 ut
714 1849 889 1888 nostrae
919 1846 1061 1888 nolint
1092 1860 1269 1900 peccare
1300 1846 1486 1900 puellae:

355 1918 398 1959 Is
429 1933 523 1960 mos
555 1916 741 1960 Saturno
770 1931 907 1973 regna
936 1920 1107 1959 tenente
1138 1917 1232 1959 fuit.

276 2081 366 2116 Vm.
390 2095 489 2118 mcv.
539 2085 585 2117 29
609 2082 699 2117 luxu
722 2087 751 2116 1)
769 2084 816 2117 V:
841 2082 924 2116 lusu
947 2085 976 2115 F
994 2084 1027 2115 Π
1049 2083 1063 2127 fl
1088 2085 1133 2116 30
1159 2082 1295 2117 scrinia
1317 2084 1350 2115 R
1374 2093 1419 2118 m.
1445 2086 1465 2116 1
1485 2082 1567 2127 1131
1595 2082 1702 2118 Tind.

179 2143 209 2174 r
226 2143 259 2174 Π
286 2141 292 2186 Ι
317 2142 479 2177 1110131111
503 2144 535 2175 R
562 2142 576 2186 ΙΙ
605 2145 651 2176 34
676 2141 825 2176 decreto
850 2142 1057 2185 obscurum3
1076 2145 1170 2186 puto
1194 2141 1338 2176 iactura
1363 2141 1556 2185 (dedecore
1583 2144 1640 2178 est
1660 2163 1704 2168 —

181 2199 332 2234 domum
357 2201 570 2245 Santenius)
591 2202 597 2245 Ι
623 2211 698 2235 11113
722 2204 750 2234 F
774 2212 819 2235 m.
846 2204 866 2235 1
903 2202 916 2245 fl
952 2204 996 2235 33
1023 2201 1194 2245 quamuis
1220 2203 1264 2235 0:
1290 2199 1406 2235 fertur
1429 2204 1462 2234 Π
1496 2205 1500 2244 Ι
1534 2203 1705 2247 correpta

182 2258 355 2304 cupidine
379 2259 601 2294 Fonteim'us
630 2260 644 2304 ΙΙ
673 2263 719 2294 34
743 2259 822 2294 Nec
847 2262 890 2294 0:
916 2259 999 2294 Non
1025 2270 1047 2297 ς
1072 2260 1170 2294 Num
1198 2259 1386 2295 Francius
1404 2262 1418 2305 ῃ
1436 2264 1481 2295 35
1506 2260 1573 2296 Ida
1598 2272 1703 2296 suum

181 2318 330 2363 scripsi:
354 2318 418 2353 ida
440 2319 562 2363 parim
586 2323 615 2352 1)
633 2321 664 2352 V
688 2322 722 2354 et
745 2319 857 2363 (pari)
883 2322 916 2352 Π
939 2318 1122 2364 idaparim
1154 2322 1217 2364 (pa
1241 2331 1285 2354 ea:
1310 2323 1416 2365 corr.)
1441 2323 1469 2354 Ε
1500 2321 1567 2355 Ida
1590 2321 1704 2356 boum

181 2378 278 2422 past.
311 2376 575 2412 Valckenarius
599 2377 665 2412 Ida
687 2377 876 2423 Phrygem
901 2378 1126 2413 Schrader-us
1156 2378 1222 2413 Ida
1251 2378 1377 2424 palam
1402 2379 1596 2424 Hauptius
1630 2381 1707 2425 (sed

181 2436 362 2471 morionem
384 2437 487 2471 uocis
510 2436 637 2481 palam
661 2437 871 2480 exprimunt
893 2448 956 2471 uu.
982 2441 1039 2483 37,
1065 2439 1125 2482 38)
1161 2438 1174 2482 fl
1210 2441 1254 2472 37
1287 2437 1371 2472 Non
1395 2441 1423 2471 F
1446 2450 1492 2473 m.
1518 2442 1539 2472 1
1572 2441 1577 2482 Ι
1605 2450 1705 2474 ama-

184 2494 352 2530 driadum
377 2499 406 2529 Ι)
425 2498 457 2529 Π
482 2494 748 2540 amadryadum
761 2497 792 2529 V
809 2496 823 2540 Ι
840 2499 886 2531 38
905 2495 1072 2541 Silleniq3
1098 2508 1143 2532 ex
1162 2496 1327 2541 Suleniq3
1353 2507 1445 2533 corr.
1463 2500 1492 2530 F
1513 2499 1519 2542 Ι
1541 2509 1645 2533 senes
1665 2510 1704 2536 ςε

184 2553 281 2588 senis
306 2557 332 2587 0
350 2555 363 2598 fl
381 2558 426 2589 39
452 2554 544 2600 legit
568 2553 640 2589 sibi
663 2555 811 2599 scripsi:
835 2554 961 2600 legisti
986 2559 1029 2601 0,
1065 2557 1162 2601 quod
1185 2560 1227 2591 ut
1250 2559 1428 2600 seruaret,
1452 2569 1489 2591 u.
1514 2568 1582 2602 seq.
1610 2557 1705 2592 exci-

183 2612 306 2658 piens,
329 2613 421 2658 Nai,
446 2613 586 2649 caduca
611 2614 703 2649 coni.
729 2613 893 2659 Scaliger
917 2615 1035 2660 (diua,
1061 2616 1140 2651 ead.
1168 2616 1361 2661 Heinsius)
1397 2617 1411 2660 u
1446 2620 1492 2651 40
1518 2616 1630 2661 Subp.
1657 2619 1704 2650 N:

186 2670 299 2717 Supp.
325 2674 351 2706 0
385 2673 391 2716 Ι
423 2672 568 2707 Nanica
599 2672 764 2717 Unyerus
798 2674 811 2717 ΙΙ
846 2677 893 2708 42
916 2675 1041 2709 malim
1065 2675 1163 2710 unde
1188 2675 1315 2711 redit?
1345 2675 1358 2719 fl
1388 2679 1434 2710 45
1460 2675 1534 2710 iam
1561 2676 1644 2710 add.
1671 2685 1704 2718 ς,

186 2729 428 2766 Sela-aderas:
453 2742 520 2767 om.
546 2735 571 2766 0
594 2733 599 2776 Ι
620 2730 709 2776 imp.
734 2735 763 2765 1>
782 2734 813 2764 V
829 2733 843 2776 Π
860 2735 905 2767 4⁷
930 2731 1057 2768 Latias
1083 2733 1324 2769 Schraderus:
1348 2734 1463 2770 tatios
1486 2739 1515 2768 1)
1533 2737 1564 2767 V
1587 2734 1704 2768 tacios

185 2791 215 2821 r
237 2789 375 2825 taeitos
398 2793 430 2824 B
465 2792 472 2836 Ι
506 2790 690 2835 durosque
716 2790 871 2826 Sabinos
897 2795 940 2836 0,
965 2803 1056 2828 corr.
1083 2787 1261 2828 Heinsius
1295 2795 1309 2838 Ι
1345 2798 1391 2829 50
1415 2793 1583 2837 deripere
1607 2793 1706 2827 Bur-

186 2857 360 2884 mannus:
387 2849 551 2895 deligere
577 2852 601 2882 0
632 2850 647 2893 l}
676 2852 719 2883 51
745 2848 867 2884 nolint
888 2855 918 2884 1)
942 2851 1063 2886 noluit
1085 2855 1117 2887 R
1152 2853 1166 2897 ΙΙ
1201 2856 1247 2887 52
1271 2853 1307 2888 Is
1330 2855 1409 2886 DV:
1435 2851 1505 2885 Hls
1530 2854 1557 2884 1³·
1582 2850 1651 2885 Hie
1675 2853 1706 2883 V

186 2917 256 2952 my.
279 2918 325 2943 m.
350 2911 376 2942 2
402 2910 434 2942 et
457 2911 489 2941 11
