1898 3190
0 1024 19 1103 ,εζ

0 1117 7 1136 l

0 1151 8 1192 ι

0 1198 9 1238 5

621 187 884 225 PROPERTII
906 186 997 226 Lm.
1022 186 1068 224 H.
1095 190 1151 224 15.
1178 192 1235 224 16.
1625 186 1683 229 63

274 297 399 348 Quod
427 297 537 339 mihj
568 297 606 339 si
636 298 747 339 tales
778 297 935 339 iterum
966 297 1197 340 concedere
1225 298 1375 338 noctes

330 369 414 412 Illa
443 369 571 423 uelit,
601 369 719 410 uitae
749 370 905 425 longus
937 372 982 411 et
1010 384 1148 411 annus
1179 369 1279 410 erit:

276 438 323 482 Si
353 439 476 482 dabit
504 439 612 482 haec
643 440 820 495 multas,
849 440 952 482 fiam
982 439 1229 481 inmortalis
1259 439 1305 480 in
1334 438 1438 480 illis:

213 520 264 553 40
334 508 473 552 Nocte
503 525 591 552 una
622 511 762 566 quiuis
791 510 864 553 uel
894 509 997 552 deus
1029 524 1121 552 esse
1150 512 1308 565 potest.

274 579 456 630 Qualem
486 581 524 623 si
554 581 699 624 cuncti
729 583 933 637 cuperent
963 581 1188 622 decurrere
1218 581 1355 622 uitam

330 651 423 694 Nec
451 652 589 706 pressi
619 653 759 695 multo
790 652 984 694 membra
1014 652 1152 694 iacere
1183 665 1302 693 mero
1315 685 1326 705 ‚

273 721 375 765 Non
404 722 567 765 ferrum
597 723 767 766 crudele
798 725 914 765 esset
943 737 1081 778 neque
1110 722 1266 764 bellica
1294 722 1439 776 nauis,

331 792 425 836 Nec
456 797 608 836 nostra
637 794 864 836 Actiacum
895 796 1083 836 uerteret
1113 808 1215 836 ossa
1244 807 1379 846 mare,

214 863 367 907 45Nec
396 865 556 907 totiens
586 866 774 920 propriis
806 865 965 907 circum
996 868 1242 921 expugnata
1271 864 1503 919 triumphis

331 935 471 978 Lassa
499 935 613 978 foret
642 938 781 978 crines
812 927 980 979 soluere
1010 936 1150 978 Roma
1180 950 1295 978 suos.

273 1005 366 1050 Nos
396 1010 511 1050 certe
541 1007 695 1050 merito
725 1010 932 1062 poterunt
960 1007 1137 1049 laudare
1167 1007 1372 1048 minores:

333 1076 571 1120 Laeserunt
599 1078 741 1121 nullos
772 1079 929 1133 pocula
958 1080 1108 1120 nostra
1139 1077 1255 1120 deos.

273 1147 339 1190 Tu
369 1148 516 1203 modo,
546 1148 647 1191 dum
678 1149 798 1203 licet,
829 1163 855 1191 o
886 1148 1072 1191 fructum
1102 1163 1157 1190 ne
1188 1147 1334 1190 desere
1363 1148 1501 1190 uitae:

215 1229 261 1261 50
334 1217 490 1260 Omnia
522 1219 559 1260 si
589 1219 755 1262 dederis
788 1220 954 1275 oscula,
984 1233 1123 1275 pauca
1153 1218 1290 1261 dabis.

274 1287 341 1330 Ac
370 1289 506 1331 ueluti
537 1289 642 1332 folia
672 1290 834 1332 arentis
865 1290 1028 1346 liquere
1059 1290 1261 1344 corollas,

333 1357 453 1408 Quae
482 1361 646 1415 passim
675 1361 860 1403 calathis
893 1363 1033 1403 strata
1062 1364 1215 1403 natare
1246 1360 1386 1412 uides,

274 1427 345 1471 Sic
373 1429 516 1485 nobis,
548 1431 622 1486 qui
651 1445 767 1474 nunc
796 1445 1002 1487 magnum
1034 1431 1252 1486 spiramus
1283 1434 1496 1487 amantes,

334 1500 536 1543 Forsitan
566 1492 755 1544 includet
784 1503 975 1545 crastina
1004 1502 1099 1544 fata
1128 1501 1231 1545 dies.

859 1777 985 1825 XVI.

275 1878 456 1922 Praetor
486 1881 540 1922 ab
572 1880 759 1935 Illyricis
791 1882 911 1923 uenit
942 1881 1087 1936 modo,
1119 1879 1326 1938 Cynthia,
1356 1881 1505 1932 terris,

334 1950 526 1993 Maxima
556 1951 717 2006 praeda
746 1952 846 2008 tibi,
878 1953 1065 1994 maxima
1096 1967 1199 1995 eura
1230 1952 1358 1995 mihi.

253 2104 344 2140 Vni.
370 2117 466 2140 nnc‘r.
523 2108 567 2139 37
601 2104 633 2139 si
655 2105 752 2140 tales
775 2104 911 2139 iterum
936 2105 1069 2149 scripsi
1095 2105 1205 2140 Misc.
1233 2104 1322 2140 Grit.
1344 2116 1384 2149 p.
1411 2107 1473 2140 88:
1502 2104 1534 2139 si
1558 2106 1683 2139 tecum

158 2164 254 2199 tales
279 2167 305 2198 0
330 2175 455 2199 secum
480 2175 502 2202 ς
531 2165 545 2210 fl
572 2168 617 2200 38
642 2164 682 2199 in
704 2165 743 2199 te
770 2167 851 2210 (my.
878 2175 922 2200 m.
948 2167 974 2199 2
1000 2164 1091 2207 uite)
1115 2168 1143 2197 P
1165 2166 1171 2208 Ι
1192 2165 1235 2199 ut
1259 2175 1375 2199 annus
1400 2165 1463 2199 eat
1486 2164 1682 2206 Heinsius3

159 2223 259 2258 locus
281 2226 332 2258 cst
354 2223 596 2258 subobscurus
621 2225 723 2268 (num
747 2235 834 2258 usus
852 2233 925 2267 pro
950 2234 1067 2258 annus
1086 2223 1122 2268 .9)
1140 2226 1154 2269 fl
1171 2227 1216 2258 39
1242 2223 1403 2258 immort.
1429 2228 1458 2257 1)
1476 2226 1507 2256 V
1524 2224 1538 2268 Π
1556 2226 1600 2257 41
1622 2233 1683 2257 cu-

159 2281 306 2328 perent]
330 2282 467 2317 uellem
492 2283 571 2326 (sic)
595 2286 640 2327 r,
672 2293 765 2317 corr.
790 2293 858 2327 my.
884 2293 929 2318 m.
955 2285 998 2326 23
1030 2282 1172 2318 uellent
1196 2287 1224 2317 1)
1256 2294 1326 2328 my.
1344 2293 1418 2328 pro
1442 2293 1525 2317 uar.
1553 2282 1628 2317 lect.
1671 2290 1683 2327 'H

160 2343 206 2374 42
231 2339 311 2375 Nec
333 2342 467 2385 scripsi
490 2342 513 2376 1.
540 2342 563 2375 1.
591 2344 639 2386 (et
661 2341 716 2376 ita
740 2342 847 2376 etiam
873 2341 1127 2387 Fonteinius):
1158 2342 1208 2377 Et
1232 2345 1258 2376 0
1294 2344 1307 2387 ΙΙ
1344 2346 1390 2377 43
1433 2346 1532 2377 esset
1562 2352 1683 2386 neque

160 2401 190 2432 1)
207 2401 255 2433 V:
280 2409 402 2443 neque
426 2400 525 2434 esset
547 2402 575 2432 1²
594 2400 719 2443 11144
745 2399 933 2435 acciacum
957 2404 986 2434 D
1004 2402 1035 2433 V
1060 2401 1185 2445 (huius
1207 2411 1277 2445 my.
1301 2412 1347 2436 m.
1374 2403 1401 2435 2
1425 2401 1647 2445 atthiacum)

159 2459 324 2492 uerteret
347 2456 511 2502 Scaliyer
537 2459 551 2502 u
578 2461 625 2491 45
648 2457 791 2493 tociens
814 2461 845 2492 V
872 2469 877 2501 ι
904 2461 1117 2504 expugnata
1140 2460 1274 2504 scripsi
1298 2461 1319 2495 l.
1346 2461 1387 2495 L:
1414 2461 1632 2505 oppugnassa
1657 2463 1682 2493 0

159 2517 310 2561 (opugn.
335 2518 488 2561 1η47
513 2517 591 2552 Nos
616 2518 749 2561 scripsi
772 2517 796 2553 1.
820 2517 862 2553 l.=
889 2517 966 2553 Nec
992 2520 1017 2551 0
1042 2517 1120 2564 Hec
1146 2521 1173 2550 F
1197 2529 1242 2552 m.
1271 2521 1297 2553 2
1322 2517 1401 2553 Hec
1425 2521 1458 2551 Π
1481 2530 1527 2554 m.
1553 2522 1597 2561 2,
1624 2518 1683 2553 Me

158 2576 192 2608 V
214 2585 284 2620 my.
309 2585 355 2610 m.
379 2578 406 2611 2
437 2577 514 2620 148
538 2575 690 2621 pocula]
716 2575 859 2621 proelia
881 2577 941 2612 uel
966 2576 1093 2611 oscula
1118 2576 1340 2612 Fonteinius
1364 2578 1377 2621 ΙΙ
1401 2581 1446 2612 49
1472 2577 1562 2612 licet
1586 2582 1614 2611 n
1634 2580 1681 2611 V:

161 2641 252 2705 fiam
271 2673 301 2703 r
323 2669 474 2705 lucetlr
499 2669 613 2705 liceat
631 2680 653 2707 ς
674 2671 681 2713 Ι
702 2680 724 2705 o
749 2670 835 2705 aad.
859 2670 904 2707 L.
932 2671 1151 2706 Muellerus:
1177 2682 1245 2708 om.
1272 2675 1297 2705 0
1323 2672 1420 2706 hunc
1445 2671 1529 2707 add.
1558 2671 1653 2705 Itali
1671 2672 1682 2714 {y

162 2732 205 2764 51
233 2728 287 2764 Ac
311 2731 359 2764 R:
385 2729 435 2763 At
459 2731 485 2762 0
517 2730 524 2774 Ι
556 2729 694 2763 arentis
719 2733 749 2762 1)
766 2731 814 2765 V:
839 2731 986 2765 arentes
1010 2734 1037 2764 P
1056 2733 1088 2764 11
1123 2731 1137 2775 Ι
1173 2735 1217 2766 52
1244 2730 1377 2766 calatis
1401 2737 1430 2766 1)
1449 2734 1479 2764 V
1507 2732 1521 2775 ΙΙ
1552 2733 1596 2764 53
1623 2729 1683 2763 sic

162 2799 340 2833 magnum
351 2787 458 2823 nobis
469 2799 567 2823 nunc
592 2787 700 2831 quin
722 2790 727 2831 Ι
749 2787 931 2832 spiramus
950 2789 1130 2835 Scaliyer:
1156 2801 1348 2835 speramus
1362 2793 1387 2823 0
1401 2792 1566 2835 (spamus
1591 2792 1618 2822 Ε
1637 2792 1682 2825 11)

256 2857 353 2894 XVI.
403 2858 516 2893 Noua
546 2859 660 2903 eleyia
684 2869 765 2893 cum
790 2859 897 2894 titulo
921 2859 968 2894 ad
994 2860 1182 2904 cynthiam
1208 2861 1255 2896 de
1280 2860 1457 2905 (a)emulo
1482 2861 1524 2894 in
1550 2862 1575 2892 0
1611 2861 1623 2904 ΙΙ
1663 2863 1679 2893 1

162 2916 313 2951 Prector
336 2920 364 2950 P
385 2918 391 2961 Ι
412 2916 500 2952 illir.
526 2920 554 2950 F
572 2920 604 2951 R
