1898 3190
623 171 885 209 PROPERTII
908 172 999 208 LIB.
1028 171 1074 206 ΙΙ.
1101 175 1159 206 24.
1183 169 1261 206 24¹³.
1645 166 1699 207 ’Π

275 323 277 327 Α
352 282 506 325 Ureret
541 285 585 324 et
615 282 830 337 quamuis,
860 295 951 322 non
982 279 1099 321 mala
1129 277 1261 320 uerba
1291 276 1448 318 darem.

292 354 432 404 Quare
462 367 516 394 ne
546 353 628 395 tibi
660 353 718 394 sit
747 352 903 394 mirum
934 365 1003 392 me
1035 363 1238 404 quaerere
1269 347 1397 389 uiles:

235 437 279 468 10
350 424 526 466 Parcius
557 423 786 465 infamant:
816 437 923 464 num
952 421 1034 463 tibi
1065 435 1195 462 causa
1224 418 1363 460 leuis?

925 518 949 544 *

806 579 831 603 *
1043 576 1067 601 *

292 649 353 692 Et
382 647 511 690 modo
541 647 722 703 pauonis
755 645 915 689 caudae
945 645 1117 687 flabella
1150 643 1358 699 superbae

351 719 411 762 Ei
441 719 639 760 manibus
670 717 777 759 dura
806 717 947 772 frigus
977 716 1137 758 habere
1169 715 1259 769 pila

292 790 353 833 Et
383 790 501 845 cupit
530 789 691 831 iratum
720 788 833 831 talos
865 802 934 829 me
965 800 1140 842 poscere
1172 785 1357 827 eburnos

354 861 555 916 Quaeque
585 860 728 902 nitent
761 857 891 901 Sacra
921 858 1028 900 uilia
1058 858 1171 900 dona
1202 856 1298 898 Via.

238 943 282 975 15
296 931 353 975 A!
384 947 576 987 peream,
608 930 645 972 si
675 944 743 971 me
775 929 860 971 ista
892 930 1070 989 mouent
1101 927 1340 982 dispendia:
1372 926 1445 967 sed
1477 940 1544 967 me

355 1002 524 1045 Fallaei
554 1001 753 1044 dominae
783 1001 870 1042 iam
900 1000 1033 1055 pudet
1063 1014 1158 1041 esse
1189 999 1343 1040 iocum.

844 1286 999 1333 XXIV
1007 1281 1040 1332 ¹³.

297 1393 392 1436 Hoc
423 1395 515 1435 erat
544 1392 590 1434 in
619 1391 770 1447 primis
802 1391 915 1446 quod
947 1405 1014 1431 me
1046 1389 1232 1445 gaudere
1263 1386 1474 1430 iubebas?

363 1464 469 1505 Tam
499 1467 543 1505 te
573 1464 811 1506 formosam
840 1477 928 1504 non
958 1462 1092 1517 pudet
1123 1474 1216 1502 esse
1246 1458 1415 1501 leuem?

298 1533 398 1576 Una
428 1539 505 1576 aut
536 1534 673 1576 ali-,era
701 1547 790 1575 nox
819 1533 1011 1574 nondum
1043 1533 1110 1573 est
1140 1531 1187 1572 in
1217 1544 1362 1572 amore
1393 1534 1585 1584 peracta,

240 1615 286 1646 20
340 1603 419 1646 ’Et
449 1604 567 1647 dicor
595 1605 707 1646 lecto
738 1603 827 1645 iam
858 1603 1003 1659 grauis
1034 1617 1128 1644 esse
1158 1603 1246 1644 tuo.

298 1674 369 1716 Me
399 1674 528 1716 modo
558 1674 785 1727 laudabas,
816 1676 859 1715 eb
889 1673 1079 1715 carmina
1109 1674 1260 1714 nostra
1289 1671 1484 1727 legebas:

358 1744 436 1786 Ille
467 1748 567 1787 tuus
601 1759 761 1800 pennas
793 1747 883 1785 tam
914 1744 1001 1786 cito
1033 1743 1165 1785 uertit
1196 1741 1346 1784 amor?

301 1813 546 1858 Contendat
575 1829 743 1857 mecum
773 1815 966 1870 ingenio,
997 1814 1232 1857 contendat
1262 1816 1307 1855 ef,
1337 1816 1446 1868 arte,

358 1885 410 1928 In
439 1885 592 1940 primis
624 1900 711 1927 una
742 1885 878 1926 discat
910 1899 1054 1927 amare
1085 1884 1232 1926 domo:

241 1967 287 1999 25
301 1955 348 1999 Si
378 1957 552 1999 libitum
581 1956 663 1998 tibi
694 1957 793 2010 erit,
824 1955 1040 1997 Lernaeas
1070 1957 1236 2011 pugnet
1267 1955 1321 1997 ad
1350 1954 1530 2010 hydras,

359 2027 420 2069 Et
447 2028 532 2070 tibi
562 2028 616 2069 ab
646 2026 856 2082 Hesperio
886 2027 1004 2068 mala
1036 2026 1218 2068 dracone
1248 2026 1378 2081 ferat,

276 2238 369 2274 Vn.
394 2250 494 2274 nnc-r.
545 2242 565 2273 7
589 2237 722 2273 traduc
734 2240 764 2270 V
784 2238 838 2282 (er
856 2249 900 2272 m.
921 2240 947 2272 2
965 2248 1167 2283 suprascr„
1188 2239 1309 2273 eadem
1327 2249 1395 2283 my.
1415 2239 1433 2272 t
1451 2239 1677 2284 traduceret)
1698 2240 1710 2285 j}

186 2301 207 2332 9
233 2297 367 2332 Urere&
390 2300 432 2331 0:
458 2297 594 2331 Ureret
618 2306 640 2333 ς
667 2298 674 2340 Ι
700 2307 776 2331 non
800 2296 902 2331 mala
926 2297 1073 2340 scripsi:
1098 2297 1248 2332 nomine
1273 2300 1298 2331 0
1323 2308 1398 2332 non
1424 2298 1518 2333 mihi
1541 2298 1588 2334 A.
1618 2298 1707 2342 Pal-

186 2367 262 2392 mer
295 2357 309 2401 fl
346 2359 390 2390 10
414 2355 560 2390 Partius
583 2358 707 2389 DFV
741 2357 746 2400 1
779 2367 868 2390 num
892 2361 921 2391 F
943 2367 988 2391 m.
1014 2358 1059 2400 2,
1084 2359 1131 2391 N:
1157 2367 1254 2391 nunc
1277 2360 1307 2389 D
1334 2359 1366 2389 V
1390 2357 1446 2402 (in
1470 2358 1535 2392 hoc
1559 2369 1578 2392 o
1602 2369 1709 2403 supp.

187 2426 233 2450 m.
258 2408 300 2460 Β)
323 2414 419 2450 mira
442 2418 470 2448 F
488 2415 501 2458 ΙΙ
518 2415 614 2448 inter
635 2417 678 2449 10
697 2417 730 2448 et
749 2418 792 2449 11
813 2415 966 2450 lacwnae
988 2415 1133 2460 siynum
1149 2416 1274 2460 posui3
1303 2419 1345 2450 11
1371 2426 1442 2460 sqq.
1469 2416 1555 2451 hinc
1573 2417 1712 2452 alienos

188 2485 260 2510 esse
278 2475 359 2510 iam
383 2474 548 2518 Scaliyer
567 2474 755 2518 perspexit
788 2474 802 2519 fl
838 2477 880 2508 11
921 2474 1023 2509 Haec
1047 2473 1158 2509 modo
1183 2474 1445 2510 Lachmannus
1477 2478 1482 2516 Ι
1515 2475 1656 2511 fabella
1680 2479 1712 2509 N

187 2544 236 2569 m.
258 2536 300 2578 1,
323 2537 352 2567 Ι)
377 2543 445 2578 my.
470 2543 539 2577 pro
563 2543 644 2567 uar.
671 2533 747 2567 lect.
777 2533 791 2578 Ι
828 2537 870 2567 12
901 2533 1017 2569 durae
1036 2554 1080 2559 —-
1100 2533 1202 2578 pilae
1227 2533 1406 2568 Heinsius
1434 2535 1447 2578 ΙΙ
1480 2538 1522 2568 13
1557 2534 1711 2577 fortasse

189 2592 340 2638 cupide:
366 2591 467 2627 subit
489 2590 626 2625 iratam
650 2590 830 2627 Heinsius
852 2592 1039 2638 ingratum
1066 2591 1328 2627 Laehmannus
1348 2594 1354 2636 1
1375 2592 1471 2627 tales
1495 2594 1558 2638 ΠΙ]
1586 2597 1627 2627 15
1653 2593 1712 2626 Ha

188 2653 218 2684 1?
242 2651 300 2686 Ah
324 2654 373 2685 R:
399 2651 453 2685 Ac
477 2654 506 2683 Ι)
525 2653 555 2683 V
576 2651 582 2693 Ι
604 2649 670 2685 sed
695 2660 733 2687 ςε
760 2650 792 2685 si
816 2653 861 2694 03
886 2662 938 2686 an
962 2651 1014 2686 sic
1034 2650 1150 2696 ,9111ss
1176 2653 1254 2685 tam
1279 2651 1539 2686 Lachmannus

284 2720 434 2757 xxlvb.
486 2726 529 2756 17
554 2732 626 2766 sqq.
648 2721 838 2766 prioribus
862 2722 1058 2757 adhaerent
1081 2723 1123 2757 in
1148 2725 1191 2767 0,
1216 2724 1405 2767 separauit
1430 2722 1593 2768 Sealiyer
1620 2724 1633 2767 ΙΙ
1667 2727 1709 2757 17

191 2780 263 2816 erit
285 2784 318 2814 Π
337 2780 344 2827 Ι
363 2780 519 2816 uidebas
543 2783 574 2814 V
597 2791 665 2826 my.
690 2791 736 2815 m.
762 2781 820 2826 211
846 2784 889 2815 19
915 2780 1080 2816 nundum
1104 2785 1132 2814 1)
1151 2783 1182 2813 V
1207 2781 1330 2824 (huius
1353 2792 1421 2827 my.
1448 2793 1492 2817 m.
1518 2783 1544 2816 2
1570 2781 1674 2825 dura)
1700 2782 1712 2826 η

191 2840 286 2876 inter
310 2843 355 2875 22
381 2843 415 2875 et
437 2844 481 2875 23
520 2840 663 2885 aliquid
695 2840 921 2875 intercidisse
951 2843 1063 2884 putat
1087 2839 1132 2883 L.
1159 2839 1359 2875 Muellerus
1393 2842 1406 2886 Ι]
1442 2843 1489 2874 24
1522 2838 1708 2884 Imprimis

191 2902 220 2933 Ξ
236 2900 250 2945 Ι
267 2902 313 2934 25
337 2900 482 2945 pugnat
505 2899 553 2934 ad
576 2899 687 2944 ydras
711 2902 738 2932 Ε
756 2899 770 2943 ΙΙ
788 2902 833 2934 26
858 2898 1007 2944 experio
1033 2888 1154 2944 (hexp.
1179 2910 1224 2934 m.
1250 2901 1292 2944 2)
1316 2902 1344 2932 F
