1898 3190
269 161 325 202 82
717 165 974 200 PROPERTII
999 165 1088 201 LIB.
1113 166 1158 201 H.
1185 170 1242 202 26.
1268 166 1344 202 26¹².

330 281 371 312 13
388 269 509 319 Quod
542 272 577 312 si
607 272 719 314 forte
750 275 848 314 tuos
880 273 1061 315 uidisset
1092 272 1278 315 Glaucus
1305 275 1483 330 ocellos,

443 341 574 383 Esses
606 342 718 384 Ionii
748 342 864 385 facta
894 343 1037 398 puella
1067 345 1216 400 maris,

329 423 371 453 15
386 411 445 453 Et
475 413 554 454 tibi
586 427 688 467 prae
719 413 882 455 inuidia
913 413 1118 456 Nereides
1150 415 1476 471 increpitarent,

445 482 637 525 Candida
667 483 851 540 Nesaee,
883 485 1053 527 caerula
1085 484 1336 540 Cymothoe.

388 553 471 596 Sed
501 555 583 596 tibi
615 555 805 598 subsidio
838 556 1088 610 delphinum
1121 571 1288 599 currere
1320 557 1425 612 uidi,

329 636 370 667 18
445 624 546 680 Qui,
577 628 701 680 puto,
733 626 957 669 Arioniam
988 630 1164 668 uexerat
1195 629 1293 668 ante
1325 628 1502 682 lyram·

328 707 368 736 11
387 697 445 737 At
475 699 524 738 tu
556 697 628 738 uix
659 698 821 753 primas
854 698 1062 740 extollens
1094 698 1267 753 gurgite
1298 698 1463 753 palmas

328 777 369 807 12
444 766 579 822 Saepe
610 783 752 810 meum
783 783 941 810 nomen
972 769 1059 809 iam
1089 769 1281 823 peritura
1311 783 1452 811 uocas.

328 848 369 878 19
383 837 558 892 Iamque
591 853 670 894 ego
704 840 891 882 conabar
922 854 1089 882 summo
1122 855 1189 882 me
1221 841 1392 882 mittere
1426 854 1548 895 saxo,

326 919 370 950 20
444 907 552 951 Cum
583 910 690 951 mihi
722 910 925 953 discussit
955 911 1063 952 talia
1092 911 1189 953 uisa
1219 913 1371 953 metus.

926 1244 1083 1292 XXVI
1090 1242 1122 1292 ¹³.

385 1349 510 1390 Nunc
543 1349 808 1390 admirentur
839 1349 951 1404 quod
982 1351 1072 1390 tam
1105 1349 1211 1390 mihi
1242 1348 1392 1403 pulcra
1422 1349 1568 1403 puella

443 1418 612 1462 Seruiat
642 1422 686 1462 et
715 1422 810 1462 tota
841 1420 958 1461 dicar
988 1420 1034 1461 in
1065 1420 1170 1462 urbe
1202 1422 1366 1474 potens.

381 1490 499 1544 Non,
533 1491 568 1533 si
600 1492 684 1532 iam
718 1491 865 1546 Gygae
896 1491 1073 1533 redeant
1105 1493 1148 1532 et
1176 1490 1355 1532 flumina
1385 1489 1552 1546 Croesi,

441 1561 569 1603 Dicat
601 1561 668 1604 ‘de
698 1565 847 1604 nostro
881 1575 1028 1617 surge,
1060 1564 1208 1616 poeta,
1238 1560 1363 1604 toro?

323 1643 367 1673 25
382 1632 495 1674 Nam
527 1648 623 1675 mea
654 1648 750 1675 cum
781 1633 952 1687 recitat,
984 1632 1087 1674 dicit
1118 1647 1162 1674 se
1195 1632 1336 1674 odisse
1367 1632 1539 1674 beatos:

443 1703 647 1746 Carmina
677 1706 768 1746 tam
801 1705 946 1745 sancte
978 1703 1096 1745 nulla
1127 1703 1271 1758 puella
1303 1703 1417 1745 colit.

381 1774 564 1816 Multum
596 1775 642 1816 in
673 1789 816 1816 amore
847 1774 971 1827 fides,
1002 1774 1186 1815 multum
1218 1773 1461 1815 constantia
1491 1773 1684 1828 prodest:

444 1846 525 1895 Qui
556 1846 709 1887 durare
741 1848 885 1900 potest
916 1845 1071 1898 multa,
1103 1847 1146 1886 et
1177 1858 1320 1887 amare
1352 1846 1509 1898 potest.

382 1915 465 1958 Seu
497 1932 614 1959 mare
646 1932 723 1971 per
754 1917 932 1972 longum
964 1930 1060 1957 mea
1091 1916 1254 1971 cogitet
1283 1916 1345 1956 ire
1377 1915 1538 1970 puella,

321 1999 366 2030 30
439 1987 563 2030 Hanc
596 2002 767 2043 sequar,
799 1989 842 2029 et
872 1987 980 2029 fidos
1012 2001 1097 2028 una
1129 1989 1229 2042 aget
1259 2001 1365 2028 aura
1394 1986 1521 2041 duos,

355 2176 445 2211 VAR.
473 2189 571 2211 mom.
633 2187 713 2220 uu„
749 2176 814 2220 qui
837 2178 922 2210 sunt
955 2175 997 2209 in
1022 2177 1047 2208 0
1075 2178 1116 2209 11
1149 2178 1181 2209 et
1207 2177 1268 2218 12,
1288 2176 1371 2220 post
1395 2185 1431 2209 u.
1461 2176 1502 2208 18
1528 2175 1658 2209 traieci
1691 2174 1705 2218 ΙΙ
1741 2178 1783 2209 15

260 2247 349 2281 prae
374 2236 518 2270 inuidia
543 2239 586 2270 0:
613 2235 660 2270 ob
685 2235 866 2270 inuidiam
890 2237 920 2268 V
945 2246 1011 2279 my.
1039 2246 1083 2270 m.
1110 2237 1154 2278 2,
1179 2236 1211 2267 Π
1232 2234 1237 2278 1
1266 2233 1445 2278 nereydes
1470 2236 1497 2266 F
1527 2232 1540 2277 ΙΙ
1572 2237 1616 2268 16
1641 2233 1784 2269 Nesaee
1890 2231 1898 2255 ἒ

262 2295 477 2330 Fruterius:
502 2295 604 2329 nisee
629 2298 657 2327 E
676 2297 706 2327 V
730 2294 854 2338 (huius
877 2305 921 2328 m.
949 2297 974 2329 2
999 2294 1146 2340 neseae)
1171 2292 1297 2327 niseae
1321 2297 1350 2326 1>
1371 2295 1403 2326 N
1433 2293 1447 2338 ΙΙ
1479 2295 1522 2327 18
1561 2291 1680 2334 Quam
1704 2295 1736 2326 N
1775 2291 1780 2339 Ι

260 2354 370 2389 liram
394 2358 422 2388 F
441 2355 453 2398 ΙΙ
472 2358 516 2388 20
541 2355 643 2388 iussa
667 2354 725 2388 uel
750 2353 850 2388 uissa
873 2356 904 2386 N

356 2424 508 2460 XXVIb.
559 2425 741 2460 Adhaeret
758 2425 884 2468 priori
907 2425 948 2458 in
974 2427 1016 2467 0,
1042 2424 1230 2468 separauit
1253 2423 1525 2468 Burmannusfl
1555 2426 1598 2457 21
1626 2422 1782 2468 pulchra.

261 2488 289 2517 D
309 2487 339 2517 V
369 2485 382 2528 11
412 2488 456 2518 23
484 2483 530 2529 si]
557 2483 629 2518 nisi
653 2486 683 2516 V
708 2494 776 2528 my.
802 2494 847 2517 m.
873 2486 899 2518 2
932 2484 936 2526 Ι
964 2482 1039 2516 iam
1065 2482 1192 2527 Gygae
1219 2482 1459 2517 Schraderus:
1485 2481 1700 2526 cambis(a)e
1724 2483 1782 2517 uel

262 2543 487 2587 cambys(a)e
514 2545 538 2576 0
562 2544 566 2585 Ι
589 2541 757 2587 flumina]
783 2545 810 2575 1¹·
836 2552 903 2586 my.
930 2552 974 2575 m.
1001 2545 1027 2577 2
1054 2543 1094 2576 al
1118 2541 1196 2576 filia
1217 2541 1223 2587 Ι
1245 2540 1361 2576 creosi
1385 2544 1414 2575 Ι)
1432 2542 1462 2573 V
1493 2541 1565 2584 (hic
1587 2551 1658 2586 my.
1682 2552 1728 2575 m.
1754 2544 1780 2577 2

261 2601 423 2645 ehroesi3
449 2604 481 2635 et
505 2601 560 2635 ita
585 2602 629 2645 N)
655 2602 668 2646 ΙΙ
692 2605 739 2635 24
761 2601 872 2635 thoro
897 2603 924 2633 F
943 2603 975 2633 N
1004 2601 1016 2645 ΙΙ
1047 2604 1091 2634 25
1119 2599 1263 2635 audisse
1287 2603 1331 2643 F,
1356 2609 1447 2635 corr.
1472 2610 1541 2644 my.
1565 2609 1611 2635 m.
1635 2602 1662 2636 2
1692 2600 1721 2645 [Γ
1735 2603 1780 2634 26

262 2661 412 2696 sanctae
437 2663 469 2693 N
487 2660 498 2703 ΙΙ
518 2662 562 2694 28
590 2659 659 2701 Qui
684 2659 815 2694 durare
839 2659 965 2703 potest
989 2659 1108 2693 multa
1133 2659 1345 2703 Hieronym.
1370 2658 1414 2693 de
1437 2658 1570 2693 Boseh:
1597 2657 1668 2700 Qui
1693 2658 1780 2693 dare

262 2719 380 2754 multa
416 2718 542 2763 potest
577 2718 696 2753 multa
721 2721 763 2761 ος
800 2721 914 2752 totum
943 2729 979 2753 u.
1011 2729 1055 2752 em
1088 2717 1194 2753 Ouid.
1227 2728 1295 2752 am.
1321 2717 1371 2751 III
1397 2721 1428 2761 8,
1455 2720 1499 2751 62
1524 2717 1782 2761 interpolatum

256 2782 368 2824 putat
401 2778 673 2820 Broukhusius3
708 2777 828 2811 multa
860 2787 996 2822 negare
1027 2777 1152 2821 potest
1178 2776 1442 2819 Marklandus,
1479 2786 1554 2810 non
1584 2776 1622 2810 et
1655 2785 1780 2810 amare

260 2839 388 2883 potest
413 2837 612 2872 Santenius
636 2836 841 2880 similiaque
864 2846 940 2870 ‘non
963 2836 1078 2879 maqis
1109 2839 1199 2879 apta
1229 2835 1297 2870 alii
1331 2835 1345 2879 ΙΙ
1379 2837 1429 2868 29
1468 2844 1603 2869 nouam
1633 2834 1780 2879 eleyiam

261 2897 394 2942 incipit
418 2899 449 2929 N

1882 2355 1898 2523 „nd—narn.
1891 2294 1898 2323 -η,
1892 2269 1898 2278 2
1888 2210 1898 2227 ο
