1898 3190
681 176 943 214 PROPERTII
965 175 1056 213 111ss.
1079 175 1144 212 IV.
1170 179 1228 211 11.

309 287 380 331 Me
410 302 550 343 neque
576 300 785 329 censurae
814 286 956 341 legem
985 284 1198 339 mollisse,
1227 297 1308 326 nec
1337 282 1427 325 ulla

369 357 496 400 Labe·
517 372 613 400 mea
642 359 814 399 uestros
845 355 1067 399 crubuisse
1095 354 1231 398 focos.

310 428 412 472 Non
442 428 527 470 fuit
557 427 723 470 exuuiis
752 427 887 469 tantis
919 425 1123 469 Cornelia
1153 426 1376 477 damnum,

370 499 483 550 Quin
512 501 557 541 et
586 501 681 540 erat
711 511 895 554 magnae
925 511 1027 552 pars
1058 496 1269 538 imitanda
1299 496 1465 539 domus.

250 569 401 614 45Nec
431 585 529 613 mea
559 571 727 612 mutata
758 571 826 611 est
855 570 993 622 aetas,
1026 567 1117 610 sine
1148 567 1327 609 crimine
1356 569 1452 610 tota
1482 570 1568 610 est:

369 642 570 686 Viximus
600 641 794 696 insignes
825 640 940 681 inter
970 641 1197 694 utramque
1228 638 1377 681 facem.

309 714 373 756 Mi
402 716 559 755 natura
589 711 708 754 dedit
736 711 855 767 leges
888 725 914 752 a
945 709 1155 765 sanguine
1187 709 1359 764 ductas,

369 783 436 826 Ne
466 797 640 838 possem
671 782 825 824 melior
854 781 1007 823 iudicis
1039 795 1133 826 esse
1163 782 1294 822 metu.

313 855 541 906 Quaelibet
571 855 766 895 austeras
797 852 848 894 de
878 866 947 893 me
977 851 1090 894 ferat
1119 866 1206 893 una
1236 852 1441 895 tabellas:

255 938 302 969 50
373 925 558 981 Turpior
587 938 767 966 assensu
797 937 886 965 non
917 923 999 964 erit
1028 923 1119 965 ulla
1150 937 1269 976 meo,

312 997 395 1040 Vel
426 999 495 1047 tu,
526 1010 636 1051 quae
666 994 836 1036 tardam
867 993 1046 1035 mouisti
1077 993 1179 1035 fune
1211 992 1437 1048 Cybellen,

371 1067 553 1111 Claudia
560 1100 571 1121 ,
601 1065 782 1108 turritae
813 1079 912 1106 rara
942 1064 1141 1106 ministra
1171 1063 1297 1115 deae,

312 1138 395 1182 Vel
425 1139 512 1193 cui,
544 1152 668 1180 sacra
700 1150 801 1178 suos
832 1150 929 1177 cum
962 1134 1098 1176 Vesta
1127 1137 1373 1189 reposceret
1402 1135 1544 1190 ignes,

370 1209 583 1252 Exhibuit
613 1209 739 1251 uiuos
771 1207 978 1250 carbasus
1010 1206 1112 1248 alba
1141 1206 1276 1248 focos.

253 1292 299 1324 55
313 1281 403 1325 Nec
434 1284 497 1335 te,
530 1280 651 1322 dulce
682 1280 831 1334 caput,
862 1273 1003 1320 mater
1034 1275 1278 1332 Scribonia,
1308 1277 1432 1318 laesi:

370 1351 423 1394 In
454 1366 521 1394 me
552 1352 769 1392 mutatum
799 1348 901 1404 quid
930 1348 1015 1390 nisi
1046 1348 1139 1389 fata
1168 1347 1308 1389 uelis?

310 1422 521 1466 Maternis
552 1421 706 1464 laudor
737 1419 928 1462 lacrimis
960 1419 1162 1474 urbisque
1193 1419 1415 1474 querellis,

370 1493 562 1536 Defensa.
592 1495 636 1534 et
667 1491 832 1547 gemitu
865 1488 1062 1532 Caesaris
1094 1504 1195 1532 ossa
1226 1504 1334 1532 mea.

313 1565 393 1607 Ille
425 1579 502 1606 sua
531 1566 636 1606 nata
666 1563 842 1618 dignam
873 1561 1033 1603 uixisse
1066 1575 1257 1603 sororem

255 1647 301 1679 60
373 1635 590 1691 Increpat,
622 1638 664 1678 et
692 1634 895 1676 lacrimas
921 1632 1110 1676 uidimus
1141 1632 1204 1673 ire
1235 1631 1326 1675 deo.

257 1718 302 1748 65
315 1705 513 1748 Vidimus
545 1709 588 1748 et
618 1706 798 1748 fratrem
829 1704 933 1745 sella
963 1703 1008 1744 in
1040 1703 1255 1758 gemuisse
1287 1703 1442 1746 curuli:

257 1789 303 1820 66
376 1776 562 1819 Consule
592 1791 694 1831 quo,
725 1775 837 1816 falso
867 1776 1079 1828 tempore,
1109 1776 1238 1828 rapta
1268 1788 1402 1816 soror.

257 1859 300 1890 61
316 1847 376 1889 Et
404 1850 551 1889 tamen
583 1846 743 1888 emerui
773 1858 1006 1900 generosos
1037 1845 1170 1886 uestis
1201 1844 1405 1899 honores,

1634 171 1723 214 195

291 2023 381 2058 Vsu.
408 2036 504 2058 Lac-r.
554 2026 598 2056 41
625 2022 773 2056 molisse
797 2025 828 2054 V
852 2032 897 2056 m.
923 2024 944 2055 1
966 2021 974 2066 1
995 2031 1062 2056 uec
1086 2033 1131 2056 ea,-
1156 2022 1194 2056 et
1217 2032 1309 2056 corr.
1334 2024 1362 2054 r
1381 2023 1456 2065 1142
1484 2024 1638 2066 uestros,
1666 2023 1718 2057 ita

1371 3021 1441 3057 13*

197 2083 318 2129 0143
342 2082 428 2118 Non
451 2081 575 2117 suitur
599 2093 644 2116 m.
670 2084 708 2125 2,
732 2084 763 2114 V
786 2091 856 2125 my.
882 2092 926 2115 m.
952 2083 998 2115 2:
1025 2079 1176 2115 Confuit
1199 2085 1228 2114 1>
1247 2084 1278 2114 V
1303 2080 1385 2115 Ton
1409 2080 1483 2115 fuit
1503 2085 1531 2114 F
1553 2083 1558 2125 Ι
1580 2081 1724 2116 exuuiis

194 2141 311 2179 tantis
334 2145 365 2176 V
399 2153 446 2178 m.
470 2144 514 2176 2:
552 2140 677 2176 exuuii
714 2140 847 2175 stantis
881 2143 911 2173 V
948 2151 993 2174 m.
1020 2143 1040 2174 1
1082 2140 1124 2184 (1)
1161 2151 1230 2184 my.
1249 2150 1323 2184 pro
1354 2151 1437 2176 aar.
1470 2140 1562 2184 lect.)
1600 2139 1716 2175 eximi

195 2198 332 2237 stantis
354 2199 605 2244 ”Eldamni
628 2203 725 2243 1›‚v
749 2199 938 2243 m.1fl44
964 2199 1002 2233 et
1027 2199 1110 2233 erat
1134 2201 1178 2233 0:
1205 2199 1285 2233 erat
1311 2199 1390 2237 ets-
1414 2201 1574 2235 eteram
1600 2198 1724 2245 Itali}

195 2272 265 2307 par
285 2263 315 2294 r
332 2260 347 2305 Ι
363 2263 409 2294 46
432 2258 599 2304 insignes
623 2262 656 2293 et
679 2262 707 2292 E·
732 2262 765 2293 et
788 2261 819 2292 V
843 2269 954 2293 corn:
987 2257 1169 2302 insignem
1197 2260 1221 2291 0
1255 2257 1421 2293 insontes
1445 2258 1694 2293 Burmannus
1716 2258 1729 2295 l*

196 2323 244 2355 48
267 2318 325 2354 Ne
349 2328 497 2364 possem
523 2327 562 2355 ςε
587 2317 644 2352 Ne
668 2317 787 2362 possis
814 2320 839 2350 0
865 2316 1017 2362 (possim
1042 2320 1072 2350 V
1098 2328 1141 2351 m.
1168 2318 1210 2360 2)
1244 2318 1258 2362 Ι
1295 2320 1341 2352 49
1382 2316 1597 2359 Quamlibet
1620 2317 1727 2352 Liui-

197 2379 302 2415 neius
328 2379 335 2422 Ι
369 2389 444 2412 una
475 2377 754 2423 Wynyaardem
779 2387 874 2411 urna
898 2379 924 2410 0
949 2376 1079 2411 umbra
1104 2375 1283 2411 Eldikius
1322 2377 1335 2421 ΙΙ
1372 2381 1418 2411 50
1456 2386 1607 2411 assensu
1631 2381 1660 2410 Ι)
1679 2380 1726 2411 V:

199 2447 333 2474 asensu
355 2439 384 2470 r
409 2446 567 2471 ascensu
590 2439 620 2469 V
645 2445 690 2469 m.
716 2438 741 2470 2
768 2445 914 2470 assessu
939 2444 961 2471 ς
996 2435 1009 2478 ΙΙ
1046 2438 1089 2469 51
1115 2433 1272 2469 cibelem
1298 2438 1326 2468 P
1352 2434 1535 2479 cybellem
1554 2439 1583 2468 1)
1602 2438 1632 2468 V
1649 2436 1663 2480 Ι
1681 2439 1725 2470 52

199 2495 356 2532 claudia
378 2499 409 2530 V
434 2507 478 2530 m.
504 2496 546 2529 2:
573 2491 718 2528 Gaudia
742 2495 767 2526 0
796 2494 865 2536 {tu
889 2492 961 2527 rite
984 2496 1012 2526 F
1030 2494 1043 2537 ΙΙ
1062 2496 1105 2527 53
1132 2492 1192 2528 cui
1217 2504 1321 2528 sacra
1346 2494 1434 2537 (si-zu
1460 2494 1507 2536 cs.
1533 2494 1583 2528 111
1609 2499 1643 2536 4,
1671 2495 1729 2537 11)

198 2565 284 2591 suos
307 2554 455 2599 scripsi:
481 2552 585 2588 cuius
609 2562 713 2587 rasos
739 2554 764 2585 0
789 2562 894 2586 casso
919 2554 953 2586 et
976 2552 1161 2586 extinctos
1184 2554 1215 2585 V
1239 2564 1308 2597 my.
1333 2563 1378 2587 m.
1405 2554 1431 2587 2
1466 2552 1526 2588 cui
1550 2553 1724 2588 commis-

201 2623 261 2649 sos
285 2623 308 2652 ς
347 2614 353 2655 l
392 2613 496 2648 ueste
521 2615 551 2645 V
575 2623 621 2646 m.
646 2613 672 2645 2
708 2611 721 2654 ΙΙ
757 2613 803 2645 54
837 2609 990 2645 Exibuit
1013 2614 1041 2644 r
1086 2613 1091 2655 1
1137 2611 1299 2646 carbasis
1322 2615 1351 2645 1¹·
1383 2623 1429 2646 m.
1455 2615 1475 2645 1
1523 2614 1528 2654 Ι
1575 2611 1679 2656 alba,
1703 2613 1728 2647 b

200 2683 247 2708 ea:
268 2682 360 2707 corr.
386 2674 414 2704 F
439 2670 518 2706 alta
541 2674 570 2704 1)
595 2681 665 2715 my.
687 2679 757 2713 pro
781 2663 863 2704 ilar.
889 2670 964 2705 lect.
1002 2670 1015 2714 ΙΙ
1051 2673 1094 2704 57
1134 2670 1293 2714 querelis
1319 2673 1344 2703 0
1389 2672 1402 2714 Ι]
1444 2674 1489 2705 59
1521 2670 1663 2705 misisse
1688 2674 1727 2714 F,

201 2741 294 2766 corr.
317 2740 387 2775 my.
412 2740 457 2765 m.
483 2732 509 2765 2
540 2730 553 2773 ΙΙ
584 2732 641 2772 65,
667 2732 711 2764 66
737 2732 822 2764 ante
846 2733 890 2764 61
924 2729 1150 2773 transposuit
1172 2729 1416 2774 Koppiersius
1451 2731 1464 2773 fl
1501 2733 1546 2763 65
1572 2728 1666 2764 sella
1689 2729 1728 2764 in

200 2787 385 2834 gemuisse
410 2787 530 2824 curuli
553 2788 701 2831 scripsi:
727 2786 860 2822 sellam
884 2786 1090 2832 geminasse
1115 2787 1281 2822 curulem
1301 2791 1325 2822 0
1351 2789 1364 2832 fl
1389 2791 1434 2822 66
1460 2787 1555 2823 falso
1579 2788 1727 2832 scripsi:

200 2847 302 2882 facto
326 2849 352 2880 0
376 2845 473 2883 festo
498 2845 742 2890 Koppiersius
771 2845 840 2880 fati
871 2845 1025 2881 crimine
1048 2846 1306 2882 Broukhusius
1330 2845 1467 2880 Consul
1497 2856 1571 2890 quo
1606 2845 1729 2881 factus

201 2907 369 2950 tempore
394 2904 654 2940 Lachmamms
689 2905 703 2948 fl
739 2908 782 2940 61
808 2914 1011 2949 generosae
1034 2904 1292 2949 Burmannus3
1319 2905 1369 2940 ad
1392 2903 1509 2940 uestis
1533 2915 1656 2940 uocem
1681 2906 1728 2949 cf.

202 2965 303 2999 Aem.
330 2963 550 2999 Huebnerus
574 2964 596 2999 l.
623 2964 644 2998 l.
666 2974 706 3008 p.
736 2967 801 2998 105
815 2973 887 3009 sqq.
