1898 3190
242 139 301 180 42
748 114 1008 178 PROPERTH
1033 143 1123 178 LIB.
1149 144 1194 181 11.
1221 149 1253 180 3.

362 249 477 292 Num
510 250 591 291 tibi
622 251 814 292 nascenti
849 251 1016 306 primis,
1047 266 1141 294 mea
1173 253 1283 308 uita,
1316 254 1465 297 diebus

422 319 639 363 Candidus
674 324 874 376 argutum
898 320 1093 364 ’sternuit
1124 338 1250 366 omen
1280 325 1444 367 Amor?

303 403 347 434 25
363 392 482 434 Haec
513 393 593 434 tibi
627 393 900 435 contulerunt
932 394 1134 437 caelestia
1166 410 1343 438 munera
1375 397 1484 452 diui,

420 463 538 506 Haec
571 465 650 507 tibi
682 479 735 506 ne
768 467 950 507 matrem
981 465 1093 508 forte
1125 467 1291 509 dedisse
1321 471 1459 523 putes.

361 535 461 578 Non
492 550 580 578 non
610 536 787 578 humani
820 539 919 578 sunt
950 540 1099 592 partus
1132 539 1238 580 talia
1269 539 1399 582 dona:

418 606 510 648 Ista
542 607 685 649 decem
720 622 887 650 menses
918 623 1007 651 non
1038 624 1239 664 peperere
1271 611 1397 654 bona.

362 678 512 721 Gloria
543 678 751 721 Romanis
783 694 871 721 una
902 695 946 721 es
978 682 1027 722 tu
1058 683 1161 723 nata
1193 682 1366 736 puellis:
1420 704 1423 705 ⁷

260 786 265 790 .
302 762 346 793 30
420 751 619 792 Romana
650 751 874 793 accumbes
905 752 1045 806 prima
1075 753 1217 807 puella
1249 753 1343 796 Ioui

359 822 450 865 Nee
484 836 651 877 semper
682 822 907 865 nobiseum
940 823 1129 866 humana
1159 824 1320 867 cubilia
1350 826 1476 869 uises.

419 894 524 936 Post
555 894 767 937 Helenam
798 895 905 937 haee
937 896 1065 937 terris
1097 895 1236 938 forma
1269 898 1454 940 secunda
1483 899 1608 941 redit.

360 965 453 1008 Hae
486 979 566 1022 ego
599 979 713 1007 nune
744 965 875 1007 mirer
907 966 943 1007 si
974 965 1131 1022 flagrat
1161 969 1311 1009 nostra
1342 967 1572 1011 iuuentus?

419 1036 615 1079 Pulcrius
648 1036 729 1078 hae
760 1036 919 1092 fuerat,
950 1037 1097 1092 Troia,
1128 1038 1265 1093 perire
1297 1039 1389 1082 tibi.
1438 1067 1442 1071 -

302 1119 347 1150 35
363 1107 477 1150 Olim
510 1106 716 1163 mirabar,
748 1108 859 1164 quod
892 1108 1003 1149 tanti
1037 1108 1090 1150 ad
1121 1109 1332 1165 Pergama
1363 1111 1468 1153 belli

418 1179 617 1233 Europae
649 1180 778 1234 atque
809 1179 940 1220 Asiae
973 1193 1102 1222 eausa
1132 1181 1278 1234 puella
1309 1181 1406 1237 fuit3

358 1249 502 1304 Nune,
534 1249 653 1305 Pari,
685 1252 733 1292 tu
767 1250 939 1305 sapiens
972 1253 1016 1292 et
1045 1253 1112 1302 tu,
1142 1250 1357 1306 Menelae,
1390 1253 1526 1296 fuisti:

418 1320 482 1362 Tu
514 1321 615 1376 quia
645 1321 872 1376 poscebas,
903 1324 951 1363 ω
983 1321 1083 1377 quia
1114 1322 1256 1364 lentus
1289 1338 1396 1366 eras.

362 1392 505 1448 Digna
537 1392 611 1434 sed
641 1393 749 1434 haec
781 1392 932 1447 facies,
963 1407 1041 1447 pro
1075 1408 1159 1448 qua
1192 1393 1256 1435 uel
1291 1394 1434 1436 obiret
1463 1394 1655 1444 Achilles

302 1475 348 1507 40
423 1464 504 1507 Vel
534 1464 749 1506 Priamus:
782 1463 885 1505 belli
917 1478 1047 1506 eausa
1078 1464 1302 1519 probanda
1332 1464 1424 1507 fuit.

336 1641 441 1677 Tsssr.
491 1641 561 1685 ΙΙΙ,
588 1645 644 1676 24.
694 1640 950 1676 Macrobius
985 1640 1198 1686 [grammat.
1226 1641 1290 1676 lat.
1316 1640 1431 1676 Keilii
1455 1641 1489 1677 V
1512 1655 1547 1688 p.
1575 1647 1660 1688 626,
1688 1645 1767 1691 15]:

244 1702 427 1737 ‘sternuto
462 1700 779 1746 frequentabiuum
822 1701 880 1734 est
915 1711 938 1735 a
974 1698 1174 1746 principali
1207 1702 1372 1745 sternuo3
1405 1700 1638 1747 Propertius:
1676 1703 1767 1739 Cau-

241 1760 367 1796 didus'
397 1772 472 1805 eqS.

336 1891 428 1927 VAR.
455 1903 554 1925 nnc-r.
612 1894 655 1925 23
699 1889 799 1924 Num
836 1893 880 1924 F:
920 1889 1027 1924 Nunc
1056 1892 1130 1923 DV
1168 1890 1222 1933 (in
1258 1890 1323 1924 hoc
1360 1901 1379 1925 c
1415 1901 1460 1926 m.
1493 1894 1518 1927 2
1549 1893 1768 1937 suppunxit)

239 1951 324 1987 Non
353 1954 383 1985 N
419 1951 424 1998 1
458 1949 637 1985 nascendi
677 1949 915 1994 Wopkensius
951 1960 987 1983 n.
1020 1961 1056 1993 p.
1089 1945 1179 1983 ¹mea
1212 1947 1372 1994 Cynthia
1409 1949 1512 1985 cunis
1549 1950 1770 1987 Fonteinius

239 2009 408 2045 nascenti
446 2011 485 2045 et
519 2008 650 2055 primis
691 2007 970 2050 Lachmannu33
1009 2008 1070 2042 sed
1103 2010 1194 2042 recte
1229 2008 1323 2042 idem
1360 2007 1582 2044 Fonteinius
1616 2011 1770 2046 contulit

243 2070 450 2104 Manilium
475 2068 509 2103 II
535 2072 604 2103 833
640 2069 653 2113 ΙΙ
689 2071 735 2103 24
761 2066 948 2102 Candidus
977 2067 1209 2102 Macrobius:
1244 2067 1403 2103 Ardidus
1427 2072 1455 2102 r
1475 2071 1507 2102 N
1532 2068 1666 2104 Aridus
1690 2073 1719 2103 1)
1738 2072 1768 2103 V

242 2130 383 2163 Aureus
417 2128 596 2162 Heinsius
635 2128 640 2171 Ι
680 2127 860 2171 augustae
894 2126 1127 2169 Macrobius,
1161 2127 1257 2161 unde
1290 2128 1490 2171 augustum
1525 2127 1719 2163 Fontanus
1759 2127 1763 2174 1

219 2186 392 2223 stertuit
416 2191 444 2221 1)
464 2189 494 2220 V
536 2187 548 2231 ΙΙ
591 2189 636 2220 25
673 2184 742 2220 tibi
782 2196 848 2220 om.
883 2188 914 2218 N
959 2188 964 2227 Ι
1009 2185 1247 2220 eontulerunss
1279 2195 1316 2223 ςε
1355 2185 1580 2221 οοιιὺαῐθῐίῃῦ
1608 2189 1686 2221 ΕΠ
1723 2190 1767 2231 et,

239 2248 315 2283 nisi
340 2247 435 2292 quod
461 2249 544 2281 ante
570 2256 589 2279 e
613 2255 749 2279 ‘rasura
772 2247 793 2278 1
819 2245 878 2279 uel
902 2246 927 2279 2
953 2244 1041 2287 litt„
1067 2246 1096 2277 V
1128 2255 1211 2279 oum
1235 2242 1392 2279 tulerint
1413 2248 1442 2278 1)
1475 2247 1480 2289 Ι
1508 2243 1680 2290 §celestia
1703 2247 1731 2279 F
1757 2245 1769 2291 ll

241 2311 286 2342 26
306 2306 383 2341 Nee
403 2309 430 2339 F
449 2316 494 2340 m.
515 2308 535 2339 1
555 2304 559 2351 l
576 2315 622 2339 ne
642 2306 673 2338 Ν
691 2308 785 2347 {ne
804 2305 851 2337 V:
870 2313 930 2337 me
949 2307 976 2336 Ι)
991 2306 1019 2336 F
1040 2303 1130 2346 (sine
1148 2303 1260 2338 dubio
1280 2304 1338 2348 0);
1357 2314 1446 2338 num
1464 2302 1542 2338 Nec
1554 2302 1738 2339 tibimet?
1760 2303 1764 2349 Ι

240 2365 416 2412 matrem]
442 2364 559 2399 uitem
584 2366 630 2408 F,
658 2372 748 2398 corr.
775 2373 842 2406 my.
869 2373 914 2396 m.
941 2365 966 2397 2
999 2363 1011 2406 ΙΙ
1049 2365 1093 2396 27
1127 2362 1213 2396 sunt
1243 2359 1372 2406 pai-{xus
1398 2365 1440 2397 0:
1471 2365 1602 2407 partus
1632 2363 1717 2398 sunt
1739 2366 1768 2396 F

239 2437 284 2461 m.
312 2427 337 2460 2
366 2424 497 2470 (siynis
521 2422 726 2467 appositis),
747 2424 783 2455 -N
817 2422 831 2467 ΙΙ
867 2424 912 2456 28
954 2432 1030 2456 non
1054 2431 1140 2465 pars
1166 2432 1359 2466 perrexere
1384 2421 1483 2457 bona
1505 2425 1551 2465 F,
1583 2432 1675 2457 corr.
1699 2432 1767 2467 my.

240 2496 285 2519 m.
312 2485 432 2530 21129
460 2493 498 2518 es
524 2482 656 2517 limassa
679 2485 726 2526 F,
751 2492 842 2516 corr.
867 2491 936 2525 my.
961 2492 1006 2515 m.
1033 2481 1166 2525 21129,
1192 2484 1248 2525 32,
1274 2485 1331 2525 31,
1357 2484 1403 2515 30
1427 2480 1602 2523 &erl-eius,
1627 2485 1684 2525 31,
1710 2485 1768 2524 30,

241 2571 299 2611 29,
326 2570 370 2600 32
397 2566 658 2601 Lachmannus
683 2564 968 2609 transponebant
986 2564 998 2609 ss
1017 2567 1062 2598 30
1087 2564 1308 2598 accumbens
1333 2566 1358 2597 0
1383 2547 1584 2607 (a‘izunbens
1614 2565 1645 2597 V
1675 2574 1720 2599 m.
1745 2566 1767 2598 1

241 2637 285 2661 ex
305 2627 505 2668 acun{ms
525 2625 642 2669 corr.),
664 2635 754 2660 corr.
777 2633 798 2661 ς
816 2624 830 2668 ΙΙ
848 2627 893 2658 33
919 2623 997 2657 Hae
1017 2626 1044 2656 F
1063 2634 1108 2657 m.
1129 2625 1173 2666 2,
1197 2625 1230 2656 R
1249 2625 1296 2657 V:
1321 2622 1372 2658 At
1395 2627 1423 2656 1)
1442 2625 1470 2656 F
1491 2622 1497 2666 Ι
1518 2633 1593 2657 nun
1611 2624 1641 2655 V
1662 2622 1766 2668 (corr.

241 2718 309 2753 my.
331 2719 376 2743 m.
395 2708 448 2752 2),
474 2709 499 2741 fi
519 2707 578 2751 (=
597 2707 686 2751 non)
711 2706 754 2741 in
778 2690 812 2740 tf
826 2705 886 2749 (=
906 2705 1017 2749 nunc)
1049 2715 1140 2740 corr.
1166 2707 1215 2747 m
1252 2714 1327 2740 non
1357 2693 1471 2740 miror
1501 2689 1722 2738 Fonteinius
1760 2701 1766 2750 ί

242 2767 377 2813 flagrat
401 2767 496 2802 idem
521 2769 553 2800 et
577 2765 740 2800 Keilius:
766 2765 900 2810 flagret
924 2767 949 2798 0
968 2765 981 2809 ΙΙ
1000 2768 1045 2799 34
1071 2763 1266 2799 Pulchrius
1290 2767 1319 2798 1>
1337 2765 1368 2797 V
1390 2764 1395 2807 Ι
1416 2761 1502 2807 hac]
1529 2762 1570 2797 at
1592 2765 1620 2796 F
1644 2773 1690 2798 m.
1704 2765 1735 2797 -1
1756 2761 1770 2808 Η

236 2831 287 2861 39
315 2825 380 2861 sed
405 2825 498 2861 haec
523 2825 675 2869 scripsi:
699 2824 850 2881 quidem
876 2824 996 2868 01140
1022 2822 1187 2869 priamus
1213 2826 1254 2858 0:
1279 2821 1412 2868 priam'
1436 2832 1482 2858 m.
1507 2824 1528 2855 1
1555 2831 1599 2856 ex
1623 2819 1768 2866 priamo

244 2896 337 2921 corr.
362 2887 394 2918 N
428 2885 433 2929 Ι
467 2882 564 2919 foret
588 2892 610 2920 ς
