1898 3190
242 156 323 198 110
735 155 996 192 PROPERTII
1020 157 1111 194 LlB.
1137 157 1201 193 III.
1227 160 1260 195 4.

417 265 678 307 Adcrescent
707 264 833 307 Latio
864 265 1027 307 Partha
1058 267 1237 320 tropaea
1267 265 1373 308 Ioui.

355 336 420 378 Ite
454 337 587 392 agite,
619 338 818 395 expertae
849 336 965 378 bello
999 335 1096 378 date
1127 337 1263 379 lintea
1293 351 1463 393 prorae,

419 407 478 449 Et
509 407 684 449 solitum
720 407 936 464 Armigeri
967 407 1108 450 ducite
1139 422 1294 450 munus
1326 422 1471 463 equos.

356 478 513 521 Omina
544 478 690 520 fausta
722 493 846 521 cano:
880 477 1061 521 Crassos
1093 479 1343 534 clademque
1375 479 1512 535 piato,

298 561 341 592 10
414 549 480 592 Ite
513 551 557 591 et
588 549 810 592 Romanae
842 550 1053 592 consulite
1084 550 1304 593 historiae.

356 621 473 664 Mars
505 625 630 677 pater
661 625 704 664 et
736 636 882 664 sacrae
914 621 1066 664 fatalia
1095 621 1261 663 lumina
1291 620 1470 676 Vestae,

415 692 529 734 Ante
560 707 678 735 meos
711 693 853 735 obitus
886 693 961 748 sit,
991 707 1159 747 precor,
1191 692 1267 734 illa
1298 692 1407 747 dies,

357 762 451 812 Qua
482 763 655 806 uideam
688 763 836 819 spoliis
869 766 1072 806 oneratos
1105 762 1302 806 Caesaris
1334 777 1454 819 axes,

419 834 486 876 Ad
520 834 642 890 uulgi
673 834 850 889 plausus
883 849 1010 890 saepe
1043 835 1242 877 resistere
1275 849 1425 890 equos,

300 915 341 946 15
356 904 491 961 Inque
524 905 621 947 sinu
653 920 776 947 carae
807 906 935 948 nixus
968 908 1162 960 spectare
1193 905 1363 960 puellae

412 975 624 1031 Incipiam
657 979 699 1018 et
729 977 868 1018 titulis
900 977 1060 1032 oppida
1091 979 1218 1032 capta
1248 971 1410 1032 legam,

357 1046 461 1089 Tela
491 1047 660 1102 fugacis
693 1048 791 1103 equi
823 1050 866 1090 et
895 1048 1086 1090 braccati
1118 1047 1268 1090 militis
1300 1062 1424 1090 arcus

413 1118 473 1160 Et
505 1119 654 1161 subter
686 1121 837 1174 captos
870 1134 990 1161 arma
1021 1119 1167 1161 sedere
1199 1119 1338 1161 duces.

355 1188 456 1243 Ipsa
486 1191 607 1232 tuam
638 1190 803 1245 prolem
838 1205 981 1246 serua,
1012 1190 1179 1232 Venus:
1209 1190 1293 1233 hoc
1324 1190 1381 1232 sit
1411 1190 1455 1232 in
1489 1204 1659 1246 aeuum,

296 1270 340 1300 20
415 1259 568 1302 Cernis
601 1261 655 1303 ab
687 1261 835 1303 Aenea
867 1261 979 1317 quod
1011 1275 1234 1316 superesse
1267 1264 1406 1316 caput.
1504 1264 1510 1268 ⁴

355 1330 520 1373 Praeda
552 1332 609 1373 sit
639 1332 745 1374 haec
776 1332 883 1387 illis,
915 1347 1096 1388 quorum
1128 1346 1320 1374 meruere
1352 1331 1540 1375 labores:

414 1401 484 1444 Me
516 1405 584 1445 sat
615 1404 698 1445 erit
730 1402 862 1446 Sacra
891 1403 1098 1459 plaudere
1129 1419 1256 1459 posse
1288 1403 1383 1446 Via.

270 1486 339 1536 [V]
355 1483 478 1527 Pacis
511 1485 647 1528 Amor
678 1486 780 1528 deus
813 1488 896 1542 est,
928 1501 1077 1541 pacem
1109 1501 1364 1529 ueneramur
1395 1490 1608 1530 amantes:

416 1555 494 1598 Sat
526 1557 635 1599 mihi
668 1572 765 1600 cum
797 1556 974 1599 domina
1005 1557 1169 1614 praelia
1198 1558 1304 1600 dura
1334 1572 1442 1600 mea.

330 1695 420 1731 VAn.
447 1709 545 1734 LEO'r.
592 1702 612 1732 6
633 1697 860 1734 Adcrescent
878 1699 1028 1744 scripsi:
1047 1699 1278 1734 Adsuescent
1295 1702 1327 1732 Ν
1345 1698 1569 1735 Assuescent
1584 1702 1608 1734 0
1628 1699 1766 1734 Adsur-

235 1758 325 1801 gent
338 1756 607 1792 Slotkouwerus
620 1757 808 1792 Accedent
822 1757 1043 1793 Fonteinius
1061 1758 1064 1801 l
1082 1759 1190 1803 parta
1201 1761 1228 1792 Ε
1238 1761 1270 1791 N
1287 1757 1290 1804 Ι
1306 1759 1438 1804 tropea
1451 1760 1499 1793 11:
1513 1758 1671 1804 trophea
1682 1759 1731 1805 011
1747 1763 1766 1794 7

238 1814 324 1850 date
338 1815 437 1850 bello
451 1815 596 1851 linthea
609 1819 636 1849 F
649 1816 659 1861 i]
673 1819 694 1850 8
709 1815 892 1861 Armigeri
906 1817 1053 1862 scripsi:
1075 1816 1249 1862 armigeri
1263 1817 1373 1862 uulyo
1387 1817 1465 1861 (hoc
1476 1821 1509 1852 et
1521 1817 1609 1862 equi
1621 1818 1768 1853 retentis

239 1873 371 1908 discite
390 1874 511 1908 senior
531 1875 666 1909 sumite
685 1875 812 1909 iunior
824 1875 1068 1910 Burmannus
1081 1874 1221 1910 cludite
1235 1875 1441 1920 Jacobsius)
1457 1874 1463 1923 Ι
1485 1886 1600 1921 equos
1618 1877 1766 1921 scripsi:

240 1932 326 1977 equi
352 1935 376 1966 0
413 1934 426 1978 ΙΙ
463 1937 483 1967 9
523 1932 657 1967 Omina
681 1935 728 1967 V:
767 1932 901 1968 Omnia
925 1938 953 1967 1)
981 1932 1091 1969 OmIa
1115 1938 1142 1968 F
1161 1937 1211 1978 N,
1246 1937 1287 1969 ut
1317 1935 1464 1979 saepius
1482 1944 1555 1979 pro
1587 1933 1722 1969 Omnia
1759 1935 1764 1981 Ι

238 1991 438 2037 cladesque
463 1997 492 2026 1)
518 1995 561 2037 (V
586 1992 804 2036 clademque
830 1993 884 2028 ita
909 1997 950 2028 ut
975 1993 1060 2028 dem
1085 2005 1129 2029 ex
1155 2005 1246 2029 corr.
1272 1995 1334 2038 sit)
1355 1995 1361 2038 Ι
1382 1992 1508 2039 piatae
1532 1997 1562 2028 Β
1586 1994 1599 2038 ΙΙ
1629 1997 1673 2029 10
1696 1994 1767 2038 yst.

233 2055 260 2085 F
287 2052 385 2096 hyst.
411 2054 443 2084 N
470 2052 483 2096 ΙΙ
516 2055 558 2085 13
586 2050 703 2093 Quam
729 2056 757 2085 Ι)
777 2053 807 2084 V
830 2053 834 2096 Ι
857 2053 1009 2087 onerato
1025 2073 1067 2076 —
1083 2062 1150 2087 axe
1178 2052 1350 2087 Muretus
1390 2053 1403 2097 ΙΙ
1442 2056 1485 2086 14
1509 2053 1635 2088 malim
1653 2053 1707 2087 Ac
1730 2064 1766 2088 u.

235 2111 372 2156 plausu
390 2111 403 2155 ΙΙ
424 2114 466 2144 15
492 2110 598 2144 nixus
625 2122 648 2145 a
672 2102 772 2145 mala
795 2111 1067 2155 interpolatoris
1086 2122 1199 2146 manu
1218 2122 1289 2146 esse
1307 2111 1472 2156 uidetur,
1498 2115 1531 2146 et
1549 2114 1640 2147 certe
1657 2122 1764 2146 suum

234 2171 409 2205 obiectum
427 2170 574 2215 flayitat
591 2163 891 2215 illud‘spectarQ
917 2171 1014 2205 unde
1038 2169 1375 2214 uinctoerterkius
1398 2181 1512 2206 nexos
1533 2170 1584 2205 H.
1603 2169 1766 2206 Bosscha

233 2239 467 2274 proposuere;
492 2229 583 2263 mihi
602 2229 812 2273 praeplacet
837 2229 991 2265 exuuias
1009 2230 1022 2274 ΙΙ
1043 2233 1085 2264 16
1106 2229 1238 2264 titulus
1263 2233 1291 2263 F
1315 2241 1360 2265 m.
1375 2234 1396 2265 1
1419 2231 1425 2275 Ι
1447 2229 1560 2275 opida
1583 2232 1615 2263 R
1632 2230 1646 2275 ΙΙ
1666 2233 1709 2265 17
1734 2232 1768 2264 et

238 2292 280 2324 18
307 2292 391 2323 ante
418 2291 461 2322 15
486 2289 632 2323 traiecit
657 2288 803 2323 Keilius
832 2289 844 2333 ΙΙ
879 2292 921 2323 17
947 2287 1139 2324 bracchati
1163 2293 1209 2333 Ι),
1229 2291 1260 2322 V
1283 2300 1327 2324 m.
1355 2292 1375 2323 1
1395 2290 1408 2334 ΙΙ
1438 2292 1478 2324 18
1505 2289 1766 2324 constructioni

235 2351 419 2383 contortae
443 2348 719 2393 repetitionique
742 2348 842 2382 uocis
867 2349 997 2392 captos
1023 2349 1191 2393 inyratae
1215 2348 1657 2394 sic'succurreVCaptiuos
1681 2347 1763 2383 snb-

236 2410 366 2451 terque
384 2408 397 2452 ΙΙ
418 2410 461 2442 19
487 2407 631 2452 prolem
657 2417 765 2441 serua
790 2409 833 2441 0:
860 2417 968 2442 serua
992 2407 1136 2452 prolem
1162 2410 1192 2440 V
1217 2419 1263 2443 m.
1289 2411 1333 2451 2,
1358 2410 1390 2440 Π
1407 2408 1420 2452 ΙΙ
1438 2411 1495 2451 21,
1521 2410 1565 2442 22
1585 2408 1671 2452 post
1689 2405 1722 2440 V
1743 2409 1764 2439 6

236 2467 526 2511 transponendos
551 2470 663 2511 putat
687 2466 956 2501 Heimreichius
990 2467 1003 2511 ΙΙ
1040 2471 1084 2502 22
1112 2467 1170 2502 Me
1198 2470 1240 2503 0:
1267 2467 1319 2501 Mi
1345 2477 1366 2504 ς
1388 2468 1394 2511 1
1416 2477 1519 2502 sacra
1544 2469 1575 2500 V
1599 2465 1698 2511 (fort.
1723 2465 1765 2499 in

235 2537 307 2561 ras.
334 2537 378 2561 m.
406 2527 459 2570 1),
486 2528 534 2561 N:
560 2525 684 2561 media
707 2530 735 2559 D
755 2529 782 2559 F

332 2596 408 2642 [V.]
458 2596 572 2632 Noua
597 2598 655 2631 hie
679 2597 722 2632 in
746 2599 771 2630 0
797 2596 910 2640 elegia
936 2606 1015 2630 cum
1047 2597 1154 2632 titulo
1185 2597 1234 2632 ad
1265 2596 1424 2632 amicam
1456 2596 1607 2640 iratam3
1639 2595 1765 2640 priori

235 2656 507 2691 coniunxerunt
535 2656 706 2690 Muretus
737 2658 770 2690 et
795 2654 975 2699 Scaliqer‚
1010 2656 1106 2700 quod
1131 2658 1326 2700 propterea
1353 2655 1467 2700 probo
1492 2654 1588 2699 quod
1616 2653 1659 2688 in
1690 2656 1765 2688 tota-

235 2716 345 2750 huius
381 2715 512 2759 eleyiae
546 2715 782 2758 dispositione
813 2717 942 2758 poetae
971 2717 1094 2749 nostro
1126 2715 1354 2750 obuersatam
1394 2724 1465 2749 esse
1482 2716 1577 2758 puto
1603 2713 1765 2758 primam

240 2774 377 2809 Tibulli
401 2774 565 2818 eleyiam·
586 2774 644 2819 (cf.
674 2773 888 2818 praesertim
924 2773 1003 2807 Tib.
1030 2777 1074 2808 49
1096 2791 1140 2803 =
1164 2774 1276 2818 Prop.
1302 2772 1354 2807 IV
1379 2777 1442 2818 21,
1486 2771 1562 2807 Tib.
1591 2775 1634 2807 77
1646 2782 1697 2816 sq.
1719 2788 1763 2800 =

239 2833 352 2878 Prop.
378 2832 411 2867 V
437 2836 481 2867 47
496 2834 582 2877 sqq.)
602 2834 614 2877 ΙΙ
638 2838 649 2867 1
681 2834 738 2867 ost
762 2843 827 2868 om.
848 2835 875 2865 F
895 2843 940 2868 m.
962 2835 980 2866 1
1001 2834 1052 2877 112
1081 2832 1147 2868 Sat
1171 2832 1384 2867 Liuineius:
1411 2831 1519 2867 Stant
1544 2834 1569 2865 0
1595 2841 1640 2866 ex
1664 2834 1696 2874 3,
1717 2833 1764 2864 44

242 2892 326 2926 Sint
351 2891 572 2926 Fonteinius

1847 3113 1858 3184 iou*
1858 3021 1862 3024 ⁴
1846 2981 1852 2990 ·

1864 3158 1876 3185 ⁴¹
1868 3118 1876 3147 u-
1864 2837 1893 3103 meh’lſsrwm·
1879 2742 1882 2743 ¹
