1898 3190
602 187 866 234 PROPERTII
889 186 981 224 ΜΒ.
1007 186 1071 223 111.
1099 186 1165 234 [2]
1191 190 1224 222 3.
1594 181 1677 225 107

270 298 314 342 N
315 313 362 353 ec
391 296 601 340 Mausolei
634 297 754 339 diues
783 295 959 339 fortuna
990 295 1173 351 sepulcri

211 380 257 412 20
329 367 486 411 Mortis
518 364 572 411 ab
605 370 795 410 extrema
825 367 1074 410 condicione
1105 368 1274 409 uacant.

270 441 362 482 Aut
392 439 479 482 illis
509 439 685 481 flamma
715 441 791 481 aut
820 438 958 480 imber
989 437 1200 480 subducet
1229 437 1435 491 honores,

329 511 558 554 Annorum
589 512 664 552 aut
692 510 789 565 ipso
818 508 1006 564 pondere
1036 508 1153 550 uicta
1182 510 1322 550 ruent.

270 582 331 625 At
358 596 449 625 non
478 581 653 637 ingenio
685 580 928 636 quaesitum
957 594 1116 622 nomen
1147 579 1201 621 ab
1235 592 1341 620 aeuo

327 652 528 696 Excidet:
560 651 733 709 ingenio
766 652 856 693 stat
887 650 977 692 sine
1008 651 1147 692 morte
1178 649 1318 691 decus.

874 925 959 973 III.

270 1031 400 1075 Visus
433 1045 551 1074 eram
582 1031 703 1073 molli
732 1030 944 1072 recubans
975 1028 1198 1071 Heliconis
1229 1028 1276 1070 in
1307 1027 1481 1081 umbra,

287 1126 293 1132 ·
329 1102 683 1158 Bellorophontei
716 1116 801 1157 qua
831 1101 927 1143 fluit
956 1100 1111 1142 humor
1142 1100 1259 1155 equi,

246 1173 431 1230 ›Reges‚
461 1172 595 1229 Alba,
625 1176 725 1216 tuos
756 1175 799 1214 et
829 1185 979 1227 regum
1009 1170 1128 1212 facta
1158 1173 1353 1223 tuorum,

311 1244 516 1287 ·Tantum
549 1244 708 1300 operis,
738 1243 885 1285 neruis
916 1242 1082 1284 hiscere
1114 1255 1239 1296 posse
1271 1241 1399 1296 meis,

235 1315 496 1372 5Paruaque
526 1315 614 1357 iam
644 1315 814 1370 magnis
847 1314 1067 1356 admoram
1098 1312 1293 1355 fontibus
1326 1327 1422 1363 ora,

329 1385 454 1429 Unde
484 1388 608 1441 pater
639 1385 791 1428 sitiens
821 1384 989 1427 Ennius
1022 1386 1122 1426 ante
1153 1383 1266 1426 bibit

270 1457 330 1500 Et
359 1457 516 1500 cecinit
545 1456 696 1500 Curios
728 1456 884 1498 fratres
916 1457 960 1497 et
988 1454 1174 1497 Horatia
1204 1454 1292 1509 pila

330 1526 554 1583 Regiaque
586 1527 773 1570 Aemilia
802 1529 928 1569 uecta
958 1529 1138 1581 tropaea
1167 1527 1262 1568 rate

275 1598 569 1654 Victricesque
600 1613 744 1641 moras
775 1597 901 1639 Fabii
931 1610 1205 1652 pugnamque
1238 1596 1458 1639 sinistram

216 1681 260 1712 10
333 1668 604 1712 Cannensem
635 1672 679 1711 et
709 1683 857 1710 uersos
890 1668 943 1726 ad
974 1668 1047 1722 pia
1077 1670 1181 1710 uota
1212 1667 1314 1709 deos

274 1739 644 1795 Hannibalemque
675 1739 807 1781 Lares
839 1737 1039 1780 Romana
1069 1738 1168 1780 sede
1197 1737 1418 1793 fugantes,

334 1811 514 1853 Anseris
546 1813 590 1852 et
619 1812 762 1852 tutum
794 1824 899 1852 uoce
930 1809 1063 1851 fuisse
1095 1809 1263 1851 Iouem:

274 1881 383 1926 Cum
413 1897 482 1924 me
514 1880 707 1924 Castalia
738 1880 964 1936 speculans
996 1894 1048 1922 ex
1079 1880 1232 1922 arbore
1265 1880 1464 1923 Phoebus

334 1951 405 1995 Sic
437 1953 516 2009 ait,
549 1955 699 1995 aurata
730 1952 856 1994 nixus
888 1951 940 1993 ad
973 1953 1098 1993 antra
1128 1951 1240 2007 lyra:

219 2034 262 2066 15
275 2023 405 2075 ‘Quid
436 2025 517 2066 tibi
549 2038 645 2066 cum
676 2022 774 2077 tali,
805 2021 999 2076 demens,
1031 2024 1100 2064 est
1128 2021 1335 2064 flumine?
1367 2022 1463 2078 quis
1494 2024 1537 2064 te

252 2186 344 2224 Vm
370 2200 470 2223 nnc-r.
521 2190 564 2222 19
591 2185 779 2231 sepulchri
805 2188 837 2219 Π
856 2186 927 2231 ηἳῡ
953 2184 1164 2221 conditione
1188 2190 1217 2220 1>
1236 2189 1264 2220 F
1280 2186 1285 2232 Ι
1301 2188 1414 2221 uacat
1436 2190 1466 2220 1>
1486 2189 1515 2219 V
1532 2186 1545 2232 ξι
1565 2191 1607 2221 21
1628 2185 1687 2220 illi

161 2251 209 2292 D,
227 2250 259 2281 V
282 2258 327 2282 m.
353 2250 373 2282 1
396 2248 403 2292 1
423 2245 596 2282 subducit
613 2246 676 2290 1111
693 2248 738 2279 22
764 2245 962 2279 Armorum
980 2248 1008 2278 F
1030 2246 1036 2290 Ι
1056 2244 1158 2279 haud
1175 2248 1203 2278 F
1221 2256 1266 2280 m.
1288 2249 1314 2281 2
1337 2248 1342 2290 Ι
1363 2245 1446 2290 ipso
1466 2245 1688 2280 Fonteinius

160 2310 194 2342 et
217 2306 434 2341 Santeniusz
466 2305 541 2340 ictu
567 2308 594 2338 F
613 2307 645 2338 Β
669 2304 766 2339 ictus
791 2309 820 2339 D
845 2303 971 2346 ictu{
995 2306 1026 2336 V
1065 2305 1071 2347 Ι
1109 2304 1273 2349 pondere
1297 2309 1327 2339 D
1345 2308 1377 2338 Ν
1396 2307 1443 2340 V:
1469 2304 1636 2350 pondera
1659 2307 1687 2338 1²·

159 2366 226 2401 aut
248 2365 326 2401 ictu
350 2366 416 2400 aut
439 2363 603 2409 pondere
636 2363 831 2407 Withofius
855 2363 922 2398 aut
944 2362 1061 2398 tacito
1085 2363 1248 2408 pondere
1272 2364 1451 2399 Eldilcius

252 2435 316 2470 III.
366 2435 479 2470 Noua
510 2435 624 2480 eleyia
656 2434 698 2468 in
723 2437 748 2468 0
780 2433 977 2476 (somnium
1007 2434 1190 2479 propertii
1211 2438 1241 2468 1)
1260 2438 1291 2468 V
1327 2434 1481 2470 tertium
1517 2445 1687 2470 somnum

159 2493 341 2540 propertii
358 2494 400 2539 F)
419 2494 433 2539 ss
451 2498 472 2529 2
491 2492 783 2529 Bellerofontaei
801 2497 830 2526 D
851 2492 1181 2552 BellQrophontei
1204 2497 1232 2526 F
1257 2493 1494 2529 elloforontei
1518 2494 1599 2538 (om.
1620 2494 1688 2528 litt.

159 2565 259 2610 init.)
281 2567 314 2599 1¹
338 2561 607 2611 Bellerofontei
630 2562 684 2609 VJ}
699 2566 721 2598 4
743 2562 866 2599 dicere
885 2563 1110 2600 Schraderus
1123 2600 1131 2609 M
1147 2568 1167 2599 5
1188 2564 1384 2608 Pronaque
1404 2564 1449 2598 L.
1464 2563 1687 2609 Muellerus:

161 2623 238 2660 iam
263 2623 428 2670 Guyetooe
451 2627 485 2658 et
502 2622 700 2658 Heinsius:
725 2623 804 2658 tam
823 2626 848 2656 0
861 2624 872 2668 Η
892 2627 913 2658 6
939 2622 1072 2659 siciens
1096 2628 1125 2658 1)
1152 2623 1272 2659 sciens
1291 2626 1323 2656 R
1341 2623 1344 2668 Ι
1362 2622 1505 2658 emnius
1523 2626 1551 2656 r
1570 2634 1615 2658 m.
1636 2626 1656 2657 1
1683 2659 1685 2661 ,

161 2683 301 2730 ibituu
314 2687 334 2718 7
353 2681 472 2718 cecini
491 2682 586 2717 Itali
607 2683 612 2725 Ι
634 2680 798 2717 coriosB
813 2682 818 2729 ξ
834 2681 956 2718 oratia
974 2685 1000 2717 0
1020 2683 1143 2727 (etiam
1161 2684 1206 2727 Π)
1225 2683 1239 2728 [Ι
1257 2686 1278 2718 8
1297 2682 1403 2718 milia
1415 2684 1447 2715 Π
1468 2684 1474 2726 1
1494 2683 1626 2727 tropea
1638 2684 1687 2715 1¹:

161 2742 320 2788 trophea
345 2744 370 2776 0
388 2743 402 2787 u
419 2745 441 2776 9
466 2739 666 2785 Victrices,
692 2751 759 2777 om.
785 2751 874 2786 que,
898 2744 927 2774 Ε
955 2742 970 2786 ΙΙ
1001 2745 1045 2776 10
1071 2752 1196 2777 uersos
1220 2740 1307 2787 apia
1330 2744 1360 2775 R
1385 2742 1398 2786 {1
1432 2745 1473 2775 11
1500 2739 1634 2775 Hanib.
1659 2742 1687 2772 r

163 2800 298 2839 Annib.
323 2802 370 2845 (A
403 2811 448 2836 ex
471 2802 578 2845 corr.)
603 2803 634 2833 V
678 2801 684 2845 1
729 2799 827 2835 lares
857 2803 902 2835 Ἐς
940 2800 1081 2836 alacres
1106 2805 1134 2834 Ι)
1153 2803 1184 2834 V
1209 2801 1283 2846 (sed
1318 2801 1359 2835 in
1396 2801 1461 2835 hoc
1492 2811 1566 2843 mq3
1598 2809 1621 2832 a
1645 2809 1690 2833 ecc

87 2906 90 2907 ⁷
163 2870 254 2896 corr.
279 2871 325 2895 m.
345 2859 518 2905 2)1acies
543 2862 575 2894 Π
603 2861 617 2904 [Ι
650 2863 692 2895 13
718 2859 823 2895 febus
847 2862 875 2893 P
900 2860 913 2904 Ι
939 2863 983 2895 14
1013 2859 1120 2895 nixus
1145 2863 1172 2893 F
1197 2871 1241 2895 m.
1268 2864 1288 2895 1
1316 2860 1449 2904 (uissus
1473 2862 1501 2892 1)
1527 2868 1594 2902 my.
1614 2864 1688 2902 'pro

167 2929 250 2956 aar.
275 2919 367 2964 lect.)
