1898 3190
218 131 276 174 56
477 131 479 135 ⁴
720 131 982 167 PROPERTH
1007 131 1096 167 ΜΒ.
1122 132 1168 167 11.
1195 136 1250 168 12.

338 239 382 283 Is
413 240 599 296 primum
630 239 742 281 uidit
773 240 865 282 sine
897 254 1027 282 sensu
1058 240 1204 283 uiuere
1235 243 1445 297 amanizes,

401 310 460 353 Et
490 310 658 352 leuibus
690 310 803 352 curis
834 323 994 366 magna
1025 311 1166 365 perire
1196 311 1323 354 bona.

306 380 460 423 5Idem
486 395 574 422 non
605 381 767 423 frustra
797 383 1002 423 uentosas
1035 365 1200 424 addidit
1231 382 1340 434 alas,

398 451 518 494 Fecit
550 454 593 493 ef,
622 452 812 493 humano
844 452 970 494 corde
1001 453 1150 495 uolare
1182 453 1326 496 deum:

341 522 513 565 Scilicet
545 523 713 565 alterna
744 523 947 578 quoniam
978 524 1190 566 iactamur
1219 525 1265 566 in
1296 525 1431 578 unda,

399 592 648 649 Nostraque
679 608 767 636 non
798 594 897 636 ullis
930 598 1154 649 permanet
1185 611 1289 638 aura
1319 597 1436 640 locis.

339 665 399 707 Et
430 665 584 706 merito
615 664 805 706 hamatis
838 679 990 707 manus
1024 668 1089 707 esi]
1120 669 1287 709 armassa
1320 667 1508 723 sagittis,

283 747 325 778 10
403 735 463 776 Ei
492 735 699 790 pharetra
732 750 782 777 ex
813 735 994 778 humero
1028 735 1191 779 Gnosia
1220 740 1401 794 utroque
1433 738 1560 780 iacet:

342 806 456 848 Ante
487 806 589 848 ferit
620 806 840 861 quoniam,
872 807 955 848 tuti
987 822 1115 862 quam
1146 808 1360 850 cernimus
1391 808 1580 864 hostem,

400 876 492 920 Nec
525 877 752 933 quisquam
785 893 835 919 ex
866 877 942 920 illo
974 879 1149 920 uulnere
1181 893 1310 922 sanus
1342 880 1436 922 eriiz.

339 949 391 991 In
424 964 491 991 me
522 950 612 991 tela
642 952 836 1004 manent,
867 952 1015 992 mansi:
1045 951 1089 991 et
1119 951 1296 1005 puerilis
1329 951 1492 1007 imago:

404 1019 486 1063 Sed
519 1022 632 1062 certe
664 1034 829 1074 pennas
860 1020 1050 1075 perdidit
1080 1021 1153 1063 ille
1185 1036 1303 1075 suas,

285 1103 327 1135 15
343 1092 504 1135 Euolat
535 1092 578 1133 a!
609 1093 758 1133 nostro
792 1092 994 1146 quoniam
1026 1092 1076 1133 de
1107 1094 1282 1147 pectore
1313 1107 1543 1149 nusquam,

402 1162 699 1220 Assiduusque
730 1176 826 1204 meo
859 1162 1067 1217 sanguine
1098 1163 1215 1205 bella
1247 1163 1369 1219 gerit.

345 1234 455 1284 Quid
487 1233 567 1275 tibi
598 1232 830 1276 iocundum
862 1235 927 1275 est
958 1233 1081 1276 siccis
1113 1233 1310 1276 habitare
1342 1234 1575 1277 medullis?

402 1305 441 1361 I,
472 1319 596 1361 puer,
628 1319 681 1347 en
713 1304 798 1346 alio
830 1305 963 1347 traice
994 1305 1082 1347 tela
1113 1308 1201 1347 tua.

344 1376 538 1419 Intactos
571 1375 656 1418 isto
690 1375 826 1417 satius
858 1377 1070 1430 temptare
1102 1391 1286 1419 ueneno:

284 1460 330 1491 20
403 1447 505 1489 Non
537 1461 636 1503 ego,
669 1446 744 1489 sed
774 1446 915 1488 tenuis
947 1447 1127 1502 uapulat
1149 1448 1309 1502 umbra
1339 1463 1446 1490 mea.

346 1519 484 1569 Quam
517 1519 554 1560 si
585 1517 840 1573 perdideris,
872 1517 968 1572 quis
1000 1518 1083 1560 erit
1114 1518 1186 1573 qui
1218 1519 1326 1560 talia
1357 1521 1503 1562 cantet
1552 1575 1555 1578 Ι

409 1589 546 1647 (Haeo
578 1603 674 1631 mea
704 1588 831 1630 Musa
861 1588 970 1630 leuis
1003 1589 1143 1644 gloria
1174 1603 1331 1645 magna
1362 1592 1438 1632 tua
1469 1591 1573 1646 est),

349 1662 429 1712 Qui
462 1663 593 1717 caput
624 1662 667 1702 ef,
699 1660 856 1716 digissos
890 1662 932 1702 et
963 1660 1125 1702 lumina
1156 1661 1281 1716 nigra
1311 1661 1478 1715 puellae

407 1733 467 1775 Ek
498 1734 626 1775 canat
658 1734 705 1774 ut
736 1732 907 1774 soleant
938 1732 1125 1774 molliter
1154 1731 1215 1773 ire
1245 1731 1405 1787 pedes?

325 1980 416 2015 VAR.
444 1993 540 2014 Lacr.
598 1983 618 2013 3
655 1979 690 2013 Is
714 1982 743 2012 Ι)
762 1981 792 2011 V
811 1981 842 2011 N
868 1978 964 2022 (sic):
991 1978 1062 2014 Hic
1086 1983 1114 2012 F
1153 1982 1158 2023 1
1199 1980 1325 2014 uiuere
1350 1989 1416 2015 om.
1442 1981 1470 2012 r
1493 1979 1536 2014 in
1560 1979 1647 2024 lac„
1672 1979 1756 2015 add.

231 2051 275 2074 m.
296 2042 322 2075 2
341 2039 354 2084 11
373 2041 394 2072 4
421 2037 538 2073 causis
558 2037 739 2073 Heinsius
760 2039 765 2080 1
789 2036 914 2072 uenire
932 2037 991 2072 uel
1009 2048 1142 2082 parare
1161 2038 1383 2074 Fonteiuius
1399 2037 1413 2082 11
1431 2042 1452 2073 6
1477 2037 1641 2073 humana
1659 2038 1759 2073 sotsse

232 2097 410 2133 Heinsius
430 2096 584 2132 immani
604 2096 714 2132 corde
732 2096 975 2132 Burmannus
993 2097 1207 2132 umbrarum
1226 2108 1328 2133 more
1344 2097 1580 2141 Fonteinius3
1599 2097 1760 2143 equidem

231 2158 394 2193 humano
414 2157 517 2193 calce
536 2157 714 2201 temptaui
731 2156 744 2201 11
764 2159 783 2191 7
803 2157 954 2191 aeterna
974 2156 1195 2192 Foutcinius
1214 2158 1261 2203 (ct
1278 2156 1333 2192 ita
1351 2157 1427 2202 ipse
1446 2156 1678 2202 conieceram)
1699 2153 1759 2203 {in

231 2216 350 2263 unda]
371 2216 419 2251 ab
438 2227 528 2252 aura
542 2216 763 2251 Fonteinius
776 2214 787 2261 11
801 2219 821 2250 8
841 2213 929 2249 ullis
942 2217 990 2249 N:
1016 2214 1129 2250 nullis
1150 2217 1174 2249 0
1191 2215 1194 2260 1
1212 2214 1273 2250 ala
1285 2214 1523 2258 Fonteinius,
1547 2214 1681 2250 umbra
1698 2224 1760 2260 eqo

235 2275 450 2311 couiecimus
468 2275 479 2321 11
499 2279 519 2310 9
546 2273 734 2310 hamantis
753 2277 784 2307 N
806 2275 811 2318 1
834 2274 910 2319 est]
938 2275 975 2309 et
992 2277 1020 2308 F
1042 2286 1086 2310 m.
1106 2277 1126 2309 1
1150 2274 1156 2320 1
1179 2272 1334 2319 sagiptis
1359 2276 1386 2307 F
1410 2284 1455 2308 m.
1481 2277 1501 2309 1
1521 2274 1534 2319 11
1554 2277 1598 2309 10
1623 2271 1761 2309 faretra

233 2338 260 2368 F
282 2336 287 2380 1
309 2334 461 2380 gnossia
479 2336 509 2367 V
533 2345 578 2369 m.
607 2337 649 2377 23
677 2332 802 2369 <mosia
827 2342 849 2370 5
870 2334 876 2376 1
898 2333 1054 2377 uterque
1079 2338 1110 2368 N
1131 2335 1136 2377 1
1158 2332 1270 2379 iacet]
1293 2333 1402 2367 sonat
1421 2341 1442 2370 5
1467 2332 1557 2368 iacit
1579 2331 1758 2376 Jacobu83

233 2394 358 2429 malim
384 2393 484 2428 cadit
513 2394 526 2438 11
559 2396 601 2427 12
629 2392 831 2437 quicquam
855 2395 899 2435 F,
925 2403 1015 2427 corr.
1043 2403 1109 2438 my.
1136 2404 1180 2428 m.
1206 2396 1232 2428 2
1255 2393 1260 2436 1
1282 2392 1354 2427 erit
1377 2395 1405 2425 Ι)
1424 2395 1468 2426 r:
1494 2391 1575 2427 abit
1598 2394 1630 2426 Π
1649 2392 1700 2436 V,
1728 2394 1761 2426 et

233 2457 262 2486 1)
288 2464 356 2497 my.
377 2463 449 2497 pro
474 2464 555 2487 uar.
583 2453 657 2488 lect.
689 2453 702 2497 11
736 2455 778 2486 15
807 2450 945 2486 Auolat
969 2451 1159 2487 Francius
1192 2453 1196 2496 1
1234 2462 1257 2486 a.
1281 2451 1428 2496 scripsi:
1455 2459 1474 2484 e
1500 2454 1525 2485 0
1550 2450 1585 2495 (ὀ
1609 2454 1641 2498 μ
1665 2461 1760 2486 more

234 2514 430 2548 multorum
453 2512 671 2557 scribarum)
697 2512 770 2546 heu
792 2512 963 2547 Muretus
988 2522 1034 2547 en
1056 2511 1289 2547 Passeratius
1306 2513 1318 2556 11
1340 2515 1381 2546 17
1409 2511 1463 2554 et,
1487 2519 1671 2554 suprascr.
1691 2509 1760 2554 est,

235 2576 266 2607 Π
284 2573 297 2617 11
318 2575 361 2607 18
388 2572 420 2617 Ι,
440 2582 551 2617 puer,
578 2582 623 2607 en
648 2569 723 2607 alio
749 2571 897 2616 scripsi:
925 2569 963 2605 Si
988 2582 1079 2616 puer
1099 2572 1156 2606 est
1173 2570 1248 2607 alio
1269 2574 1294 2604 0
1315 2569 1449 2615 (pudor
1466 2571 1496 2602 V
1513 2579 1556 2604 m.
1579 2571 1605 2604 2
1624 2569 1731 2613 corr.)
1752 2567 1757 2614 1
1806 2613 1810 2619 Ι

234 2631 369 2674 traice,
397 2630 451 2665 ita
478 2632 502 2663 0
543 2631 549 2674 1
588 2630 665 2666 tela
689 2632 756 2666 tua
780 2640 819 2668 5:
853 2629 980 2675 puella
1009 2631 1074 2665 tuo
1102 2633 1126 2663 0
1154 2630 1250 2675 (loco
1275 2631 1307 2663 R
1330 2639 1375 2664 m.
1400 2628 1484 2673 rec.)
1514 2627 1593 2662 tela
1615 2637 1708 2672 puer
1731 2629 1761 2662 V

236 2702 280 2726 m.
307 2694 332 2727 2
358 2690 460 2726 bella
485 2691 550 2724 tua
575 2690 648 2734 (uel
672 2689 770 2735 loco)
796 2699 817 2727 5
836 2691 848 2734 11
869 2693 911 2725 19
936 2688 1060 2734 potius
1086 2693 1114 2722 1)
1141 2687 1270 2733 pocius
1289 2689 1319 2720 V
1340 2687 1346 2731 1
1366 2686 1553 2731 temptate
1576 2689 1625 2730 H,
1650 2689 1684 2721 et
1706 2686 1762 2722 ita

236 2755 263 2785 F
289 2762 333 2786 cx
357 2751 566 2795 temperare
593 2760 702 2785 corr.:
728 2749 874 2784 tentare
898 2753 927 2782 D
947 2750 977 2781 V
1013 2750 1025 2792 11
1061 2751 1107 2782 20
1133 2746 1287 2791 uapulet
1311 2749 1338 2779 F
1362 2756 1408 2780 m.
1434 2748 1456 2780 1
1492 2745 1506 2790 11
1535 2747 1581 2779 24
1607 2743 1708 2783 canit
1730 2746 1761 2778 V

237 2822 282 2846 m.
309 2812 334 2845 2
1250 2816 1253 2817 ’
