1898 3190
635 157 900 196 PBOPERTII
922 155 1013 194 LIB.
1037 156 1102 192 111.
1128 159 1184 192 19.
1587 151 1671 192 143

226 281 249 313 5
262 270 460 313 Flamma
490 284 567 325 per
596 269 796 311 incensas
827 267 953 310 eitius
985 265 1156 308 sedetur
1186 263 1343 306 aristas

319 341 603 396 Fluminaque
635 339 688 382 ad
719 339 853 382 fontis
883 339 972 380 sint
1000 337 1190 379 reditura
1222 337 1369 390 eaput,

260 412 321 455 Et
348 412 562 468 placidum
595 410 744 467 Syrtes
775 411 949 465 portum
980 411 1025 451 et
1055 409 1170 450 bona
1199 406 1330 448 litora
1359 404 1504 446 nautis

319 483 532 526 Ptaebeat
562 481 754 537 hospitio
785 495 915 523 saeua
944 479 1087 522 Malea
1117 493 1213 530 suo,

261 554 399 605 Quam
429 553 570 609 possit
598 555 766 595 uestros
797 551 1025 607 quisquam
1055 548 1312 604 reprendere
1343 561 1493 588 cursus

202 637 248 669 10
318 623 379 667 Et
410 624 586 666 rabidae
617 623 818 666 stimulos
847 622 1046 677 frangere
1075 619 1303 676 nequitiae.

261 695 423 749 Testis,
454 693 625 737 Cretaei
653 694 792 737 fastus
823 708 932 749 quae
962 707 1094 747 passa
1123 691 1293 733 iuuenci

320 766 468 810 Induit
497 766 706 822 abiegnae
736 780 898 808 cornua
927 763 1040 806 falsa
1069 763 1213 806 bouis:

260 838 402 881 Testis
433 837 682 880 Thessalico
712 837 902 893 flagrans
934 834 1150 878 Salmonis
1181 833 1370 889 Enipeo,

321 909 439 960 Quae
469 909 611 952 uoluit
641 908 806 964 liquido
836 910 931 950 tota
962 907 1104 949 subire
1136 905 1229 948 deo.

202 991 246 1024 15
262 980 435 1024 Crimen
465 982 509 1022 et
537 980 617 1022 illa
645 979 731 1022 fuit
760 978 904 1034 patria
934 991 1139 1020 succensa
1169 978 1340 1018 senecta.

322 1050 505 1097 Arboris
535 1052 583 1093 in
613 1049 788 1093 frondes
819 1049 995 1091 condita
1025 1047 1206 1103 Myrrha.
1235 1061 1386 1089 nouae.

262 1122 377 1165 Nam
407 1122 510 1178 quid
540 1121 717 1164 Medeae
748 1120 931 1162 referam
962 1134 1047 1175 quo
1078 1122 1274 1174 tempore
1306 1118 1459 1160 matris

318 1194 434 1237 Iram
465 1196 668 1244 natorum
698 1193 825 1236 caede
856 1192 997 1247 piauit
1026 1190 1176 1233 amor?

261 1265 426 1316 Quidue
457 1265 814 1321 Clytaemestrae,
844 1265 1022 1319 propter
1053 1277 1182 1317 quam
1211 1263 1307 1304 tota
1339 1260 1533 1316 Mycenis

203 1347 248 1379 20
319 1336 500 1380 Infamis
532 1339 684 1391 stupro
715 1338 804 1378 stat
834 1335 1022 1390 Pelopea
1052 1332 1233 1376 domus?

260 1407 410 1464 Tuque
441 1423 467 1450 o
499 1408 646 1450 Minoa
676 1398 972 1463 pessumdata,
1003 1404 1166 1460 Scylla,
1196 1404 1335 1460 figura

319 1478 489 1521 Tondes
520 1493 735 1534 purpurea
763 1491 899 1534 regna
928 1479 1109 1532 paterna
1140 1490 1274 1518 coma.

261 1548 385 1592 Hanc
416 1550 551 1606 igitur
580 1549 726 1591 dotem
756 1549 882 1604 uirgo
913 1547 1202 1602 desponderat
1230 1546 1368 1588 hosti!

322 1619 447 1672 Nise,
476 1623 574 1663 tuas
605 1622 754 1675 portas
785 1619 935 1661 fraude
966 1618 1144 1660 reclusit
1173 1617 1322 1659 Amor.

202 1701 248 1734 25
262 1691 323 1734 At
351 1706 449 1748 uos,
471 1692 697 1747 innuptae,
726 1690 893 1733 felicius
925 1689 1035 1732 urite
1066 1688 1234 1731 taedas:

319 1762 486 1805 Pendet
515 1761 696 1804 Cretaea
726 1763 869 1804 tracta
898 1761 1045 1817 puella
1074 1762 1179 1803 rate.

261 1833 362 1878 Non
394 1834 552 1876 etenim
582 1834 783 1876 inmerito
813 1832 956 1875 Minos
988 1832 1109 1874 sedet
1138 1831 1301 1874 arbiter
1332 1829 1449 1874 Orci:

320 1904 474 1948 Victor
503 1907 598 1947 erat
628 1905 844 1960 quamuis,
876 1918 1037 1960 aequus
1068 1903 1115 1946 in
1144 1903 1271 1946 hoste
1302 1903 1397 1944 fuit.

238 2070 330 2107 Vn.
354 2082 452 2106 nnc-r.
502 2073 524 2104 5
548 2068 1435 2114 Flama(alt.aexcorr.)216admontesrss7
1456 2067 1673 2113 εἰι-ὺοεῖιῐ,ῑ

145 2132 169 2164 8
192 2139 306 2177 scena
327 2128 451 2176 malea
468 2131 499 2162 V
513 2131 524 2175 fi!
537 2132 558 2163 9
577 2129 724 2164 nostros
735 2131 763 2161 1²
779 2128 783 2173 J
800 2127 1070 2173 reprehendere
1082 2131 1111 2161 l·
1123 2130 1171 2170 13
1191 2125 1415 2173 restringere
1428 2126 1652 2163 Fonteinius
1663 2128 1675 2173 Η

148 2192 193 2224 10
215 2187 369 2224 rabidae
401 2197 442 2226 5:
466 2187 621 2233 rapidae
646 2190 672 2221 0
713 2188 727 2231 fl
771 2190 811 2221 11
840 2186 981 2222 crethei
1004 2190 1033 2220 r
1057 2186 1173 2234 cretei
1197 2189 1229 2220 Π
1269 2188 1283 2232 ΙΙ
1327 2190 1371 2221 12
1395 2186 1555 2232 abiegne
1579 2191 1608 2220 D
1626 2190 1673 2221 r:

145 2245 305 2292 abiegno
328 2249 360 2280 V
392 2247 429 2291 (o
452 2247 496 2282 in
518 2248 625 2291 raa),
649 2246 782 2292 aiegno
806 2249 839 2280 Π
859 2247 867 2292 Ι
887 2245 994 2288 bouis
1019 2256 1058 2283 ςε
1083 2245 1173 2281 boui
1197 2247 1254 2291 01
1283 2250 1326 2281 13
1352 2245 1529 2282 salmonis
1554 2247 1605 2291 (m
1630 2257 1675 2281 ea·

145 2307 255 2351 corr.)
279 2308 327 2350 V,
345 2309 394 2341 1:
420 2305 619 2351 salomonis
638 2309 666 2339 F
690 2305 880 2340 salononis
896 2309 925 2338 1)
951 2306 998 2349 (et
1014 2305 1100 2349 fort.
1120 2308 1151 2339 V
1168 2316 1214 2341 m.
1233 2306 1271 2350 1)
1293 2306 1298 2349 Ι
1320 2315 1459 2351 erapno
1478 2307 1675 2351 (suprascr.

144 2376 191 2401 ιι.
215 2368 244 2401 2
269 2364 418 2410 enipeo)
441 2368 469 2398 r
495 2364 653 2410 enipheo
677 2369 707 2398 1)
725 2367 755 2398 V
780 2364 837 2409 (in
860 2364 927 2400 hoc
949 2364 976 2399 h
999 2364 1247 2411 suppum-tans
1262 2368 1305 2400 16
1325 2376 1450 2410 myrra
1468 2369 1496 2399 D
1510 2368 1543 2399 Π
1560 2365 1674 2400 mirra

144 2427 174 2458 r
191 2426 223 2458 V
237 2423 243 2470 Ι
257 2427 354 2460 noue
372 2426 404 2458 Π
417 2433 426 2469 5²
442 2427 485 2460 17
511 2435 585 2469 quo
610 2425 779 2469 tempore
802 2422 934 2458 matris
952 2427 1144 2468 corrupta3
1168 2424 1211 2458 in
1228 2424 1306 2459 iuis
1322 2424 1477 2468 fortasse
1495 2426 1677 2470 concepta

145 2483 236 2528 (εαῖ.
262 2483 429 2528 crimina)
456 2483 559 2527 latet,
572 2478 648 2519 >hoc:
665 2483 744 2518 siue
761 2483 805 2518 in
822 2482 951 2518 mariti
968 2482 1091 2527 (iram)
1110 2484 1190 2518 siue
1214 2484 1256 2518 in
1267 2483 1423 2519 maritus
1442 2485 1578 2529 (amor)
1596 2495 1675 2519 mu·

145 2541 302 2577 tandm
323 2541 488 2576 uidetur:
532 2543 743 2586 concepta?
779 2541 906 2577 mariti
929 2552 998 2587 αρε.
1034 2543 1048 2586 ΙΙ
1086 2546 1129 2577 19
1165 2542 1389 2578 clitemestre
1414 2545 1485 2591 (we
1509 2547 1557 2588 11)
1581 2547 1608 2576 r
1627 2547 1677 2578 R:

147 2600 486 2645 clyt(a)emnestrae
505 2603 534 2634 D
545 2602 575 2633 V
594 2599 889 2644 Clytaemnestra
907 2601 1168 2637 Lachmannus
1184 2603 1189 2648 Γ,
1205 2600 1359 2638 micenis
1382 2605 1410 2636 1²·
1429 2605 1477 2646 R;
1503 2602 1675 2647 Mycenes

146 2658 327 2695 Heinius
342 2660 357 2705 Ι
374 2663 420 2694 20
439 2657 594 2693 Infantis
607 2661 635 2692 r
647 2669 692 2694 m.
706 2661 727 2692 1
750 2659 757 2703 Ι
777 2660 836 2694 sta
853 2661 885 2693 Π
902 2660 916 2705 Ε
934 2663 977 2694 21
999 2661 1126 2705 Teque
1140 2660 1306 2706 Guyetus
1321 2660 1378 2695 Tu
1397 2671 1543 2705 quoque
1556 2661 1675 2695 Lach-

145 2728 304 2754 nanmoe
320 2719 477 2765 [mynoa
500 2720 532 2751 R
556 2717 750 2753 minooaV
767 2720 850 2753 m.2
865 2718 871 2765 Ι
886 2719 1128 2764 pessumdata
1151 2719 1435 2755 Heimreichius:
1460 2719 1676 2754 uenundata

147 2777 295 2822 (ueufid.
314 2778 357 2822 r)
375 2780 401 2812 0
417 2778 422 2824 1
439 2776 547 2813 scilla
564 2780 591 2810 r
609 2778 622 2821 Ι
640 2780 685 2811 22
705 2775 851 2812 Tondes
868 2777 1032 2813 Ket'linae:
1058 2778 1231 2814 Tondens
1252 2781 1277 2812 0
1293 2779 1296 2823 ξ
1317 2789 1553 2824 purpuream,
1579 2790 1607 2812 r.
1621 2790 1677 2823 p.‚

147 2846 293 2872 comam
309 2836 578 2879 Marklandus,
602 2835 700 2880 quod
721 2836 839 2881 placet
857 2846 870 2882 1¹.
888 2840 934 2872 24
959 2837 1059 2882 Nyse
1082 2841 1111 2882 D
1131 2840 1162 2870 V
1178 2838 1193 2883 Ι
1210 2841 1256 2873 25
1275 2838 1324 2873 Et
1341 2841 1369 2871 r
1418 2841 1463 2872 26
1490 2837 1614 2872 cretea
1628 2836 1678 2883 ⁰ss

144 2898 193 2930 27
219 2894 357 2931 etenim
380 2895 528 2940 scripsi:
553 2896 681 2930 tamen
705 2897 731 2928 0
760 2896 764 2940 Ι
791 2895 979 2932 immerito
1003 2900 1031 2930 r
1049 2899 1079 2930 V
1102 2897 1116 2942 ΙΙ
1139 2897 1294 2940 fortasse
1316 2897 1404 2940 finis
1427 2896 1559 2941 eleyiae
1582 2895 1675 2931 deest
