1898 3190
201 130 304 165 XXII
779 127 1114 165 PROLEGOMEN
1115 129 1159 164 A.

202 238 356 282 Graeci
387 238 662 294 Troianique,
692 239 878 281 mortem
910 239 1173 293 oppeterent.
1203 237 1449 280 huiusmodi
1481 238 1535 281 ab
1561 237 1729 281 Helena

203 309 257 352 ad
289 309 519 366 Cynthiam
549 309 759 351 transitus
791 323 889 351 cum
920 323 970 350 ex
1008 308 1152 350 uerbis
1185 307 1340 364 ‘digna
1370 309 1540 364 quidem
1573 307 1727 361 facies'

201 381 322 424 nullo
365 382 493 436 pacto
539 380 756 435 eliciatur,
793 378 1009 436 ‘quidem'
1053 394 1205 422 uocem
1249 379 1368 422 abire
1411 379 1636 422 iubeamus
1679 394 1730 423 eo

202 451 314 494 unde
353 451 513 493 malum
550 450 703 506 pedem
740 449 889 492 intulit
931 450 1214 506 lacunamque
1253 465 1361 506 quae
1399 451 1502 494 olim
1544 451 1628 493 fuit
1669 451 1732 494 sic

203 522 348 579 potius
381 522 626 578 expleamus
658 521 805 578 ‘digna
834 522 905 564 sed
932 521 1030 564 haec
1059 520 1227 577 facies'3
1259 536 1342 577 quo
1374 536 1470 565 cum
1501 521 1730 566 adludatur

205 595 259 638 ad
291 610 330 637 u.
362 595 432 650 34,
464 592 699 649 Cynthiam
731 593 815 636 dici
847 595 1037 649 apparet.
1076 593 1127 635 de
1159 592 1265 636 ‘sed'
1297 593 1561 650 transposito
1595 593 1648 636 cf.
1667 608 1731 637 ex.

206 679 268 722 gr.
294 665 315 707 Ι
345 665 386 720 4,
420 665 486 707 11.
519 689 574 694 -
604 664 627 707 Ι
660 665 732 720 11,
763 665 790 707 9
812 679 922 721 sqq.:

383 746 525 803 Atque
556 747 722 789 utinam
753 761 880 804 mage
910 752 953 789 te
984 747 1116 789 remis
1148 747 1313 790 confisa
1343 748 1524 792 minutis

447 818 637 861 Paruula
667 817 853 861 Lucrina
883 818 1039 874 cymba
1070 820 1262 861 moretur
1293 834 1418 876 aqua,

382 889 473 932 Aut
502 892 651 933 teneat
681 890 873 933 clausam
902 890 1023 932 tenui
1053 890 1331 933 Teuthrantis
1363 891 1408 933 in
1438 890 1554 934 unda

447 960 652 1004 Alternae
684 961 824 1004 facilis
856 960 1005 1004 cedere
1036 961 1213 1017 lympha
1244 977 1389 1019 manu,

382 1031 521 1082 Quam
552 1035 676 1075 uacet
707 1032 885 1074 alterius
917 1031 1099 1075 blandos
1133 1033 1278 1075 audire
1310 1047 1508 1077 susurros

446 1103 638 1146 Molliter
668 1104 715 1145 in
746 1104 879 1146 tacito
911 1103 1038 1146 litore
1071 1105 1370 1160 compositam.

205 1185 518 1230 ‘Teuthrantis'
546 1185 753 1242 Scaligeri
779 1188 845 1228 est
869 1186 1116 1229 coniectura
1140 1187 1444 1243 inprobabilis3
1474 1188 1595 1231 nullo
1621 1188 1735 1231 enim

206 1260 400 1300 ueterum
432 1259 657 1300 auctorum
688 1257 939 1300 testimonio
971 1259 1157 1313 constat,
1188 1272 1238 1300 eo
1268 1258 1441 1301 nomine
1465 1259 1644 1302 fluuium
1674 1260 1735 1303 la-

205 1343 356 1372 cumue
387 1329 432 1371 in
464 1329 641 1384 regione
673 1329 750 1370 illa
782 1328 914 1371 situm
947 1342 1041 1370 esse
1073 1329 1351 1384 appellatum.
1388 1344 1526 1385 neque
1556 1330 1633 1373 illa
1664 1330 1736 1373 ad-

205 1402 340 1444 missa
371 1402 539 1442 ceterae
571 1414 676 1455 quas
708 1413 859 1441 uersus
890 1398 1025 1441 habet
1055 1398 1334 1441 difficultates
1365 1400 1590 1444 tolluntur.
1633 1417 1735 1444 nam

205 1472 307 1527 quid
338 1471 420 1514 hoc
450 1471 555 1514 noui
587 1473 671 1526 est,
701 1485 779 1525 per
811 1469 914 1512 deos
939 1459 990 1512 'te
1022 1484 1117 1525 oro,
1149 1469 1216 1512 ‘in
1247 1470 1362 1512 unda
1392 1471 1571 1527 lympha
1600 1475 1643 1515 te
1673 1475 1736 1516 te-

204 1542 351 1589 neat'?
403 1542 555 1584 suadet
584 1544 714 1597 poeta
743 1541 914 1596 puellae
947 1555 1066 1597 suae,
1097 1543 1146 1583 ut
1186 1541 1322 1584 uitato
1354 1542 1482 1585 litore
1513 1543 1735 1587 luxurioso

206 1629 340 1671 aquas
361 1614 474 1656 circa
492 1612 624 1655 Baias
651 1613 758 1655 sitas
784 1614 833 1654 ut
858 1612 998 1668 magis
1023 1611 1269 1655 recedentes
1296 1613 1358 1655 ita
1391 1614 1571 1657 tutiores
1596 1614 1733 1671 adeat,

206 1686 282 1728 ubi
311 1685 492 1740 nauiget
522 1685 712 1727 natetue.
761 1683 862 1726 hinc
895 1683 1078 1726 alterum
1110 1676 1270 1740 lacum,
1302 1685 1382 1740 qui·
1406 1698 1539 1741 aeque
1571 1700 1621 1728 ac
1651 1686 1735 1731 Lu-

209 1757 352 1800 crinus
373 1756 476 1798 Bais
497 1756 554 1798 sit
578 1754 747 1797 uicinus
762 1754 818 1811 *),
850 1754 888 1796 si
914 1754 1172 1811 quaerimus,
1203 1757 1355 1810 sponte
1387 1770 1434 1798 se
1460 1757 1586 1799 offert
1607 1758 1735 1801 nobis

207 1827 493 1883 Acherusius,
522 1826 569 1868 in
600 1841 684 1882 quo
716 1825 971 1881 praesertim
1004 1826 1058 1868 ab
1090 1825 1287 1882 Agrippa
1317 1827 1533 1870 inmutato
1563 1829 1736 1871 terrori-

207 1900 373 1955 busque
428 1898 515 1941 suis
561 1897 732 1954 priuato
777 1897 949 1939 lauasse
993 1896 1211 1939 Romanos
1260 1896 1472 1953 hodieque
1520 1900 1736 1942 testantur

207 1971 467 2014 balneorum
509 1969 717 2024 reliquiae
760 1967 1017 2024 frequentes.
1073 1971 1116 2010 et
1157 1968 1257 2010 huic
1298 1968 1490 2023 adprime
1533 1971 1737 2013 conuenit

212 2041 391 2097 lympha
410 2039 662 2083 natantibus
688 2038 834 2082 cedere
859 2039 1016 2094 facilis3
1040 2054 1143 2082 nam
1167 2039 1244 2094 τῆς
1267 2036 1499 2095 θαλάσσης
1523 2036 1737 2096 ἀνάχυσίς

208 2129 275 2164 τις
304 2109 559 2170 τεναγςόδης
596 2109 801 2153 Straboni
843 2110 974 2153 audit.
1029 2110 1130 2152 hinc
1160 2110 1332 2165 ineptae
1363 2110 1461 2153 uoci
1492 2109 1558 2154 ‘in
1587 2111 1736 2168 unda’,

207 2184 309 2227 hinc
341 2183 568 2237 corruptae
601 2180 849 2224 ‘tentantis'
883 2181 974 2223 siue
1007 2179 1259 2222 ‘tuetantis'
1293 2179 1374 2236 (ita
1404 2181 1518 2224 enim
1549 2181 1737 2241 codices)

208 2253 519 2311 opitulandum.
579 2252 686 2294 illud
730 2255 874 2294 autem
923 2252 1165 2307 reposuisse
1214 2253 1320 2306 puto
1369 2251 1736 2310 interpolatorem,

207 2328 440 2382 postquam
473 2322 681 2365 ‘Auerni'
714 2325 816 2365 ante
848 2321 1082 2365 ‘alternae'
1120 2322 1327 2365 omissum
1357 2323 1607 2366 lacunosum
1641 2325 1734 2367 red-

209 2396 318 2439 didit
347 2396 524 2438 textum.
556 2394 650 2450 lege
681 2394 834 2450 igitur:
866 2393 959 2437 ‘aut
987 2396 1134 2436 teneat
1158 2393 1351 2436 clausam
1383 2397 1419 2437 te
1441 2394 1517 2437 uix
1545 2395 1736 2449 flutantis

306 2523 339 2568 *)
377 2522 465 2557 hinc
496 2523 655 2568 apparet
686 2533 800 2568 quam
837 2533 1009 2568 peruerse
1039 2521 1083 2558 A.
1109 2522 1258 2558 Palmer
1292 2522 1506 2569 [Hermath.
1531 2523 1549 2558 I
1581 2535 1616 2569 p.
1646 2524 1729 2571 166]

214 2582 416 2619 coniecerit
444 2582 593 2618 ‘teneat
617 2581 783 2617 clausam
809 2581 1005 2618 Sinuessae
1031 2580 1155 2616 nantis
1180 2581 1219 2616 in
1243 2581 1379 2617 unda’.
1429 2580 1520 2626 quid
1545 2581 1660 2627 enim,
1692 2583 1736 2618 ut

209 2643 336 2678 cetera
360 2641 528 2686 mittam,
564 2641 761 2678 Sinuessae
788 2654 871 2678 cum
895 2641 1047 2687 regione
1073 2641 1237 2678 Baiana?
1280 2642 1368 2678 data
1393 2642 1519 2678 autem
1543 2641 1734 2679 occasione

210 2702 321 2738 docto
352 2701 410 2736 illi
441 2702 583 2748 Anglo,
618 2702 683 2747 qui
716 2701 925 2748 nuperrime
962 2702 1103 2748 [Herm.
1130 2701 1198 2748 VI]
1235 2701 1446 2738 Catulliana.
1479 2700 1618 2748 edidit,
1636 2713 1733 2752 *sum

212 2762 346 2797 auctor
370 2762 413 2795 ut
437 2760 573 2796 abhinc
598 2761 766 2797 iustitiae
791 2761 915 2807 potius
938 2760 1165 2805 ueritatique
1190 2771 1304 2806 quam
1327 2759 1564 2806 popularium
1589 2760 1733 2806 grat-iae

209 2821 358 2857 studeat
375 2821 414 2856 et
436 2819 476 2856 in
501 2821 581 2856 arte
605 2820 737 2856 critica
760 2820 966 2857 factitanda
990 2819 1061 2855 sibi
1085 2819 1205 2866 magis
1230 2819 1376 2855 diffidat
1394 2830 1507 2865 quam
1532 2818 1617 2855 aliis
1638 2818 1729 2855 uiris

210 2880 331 2917 doctis
356 2880 447 2917 licet
471 2879 666 2916 extraneis.
