1898 3190
225 155 309 199 136
713 156 972 193 PROPERTII
997 155 1086 192 ΜΒ.
1112 156 1175 192 111.
1202 159 1256 193 15.

286 265 381 308 15A
415 267 612 322 quotiens
646 266 855 308 famulam
885 265 1032 320 pensis
1065 265 1262 308 onerauit
1291 264 1466 322 iniquis,

400 337 459 380 Et
490 340 619 392 caput
650 337 695 378 in
726 337 831 378 dura
861 350 1021 391 ponere
1052 336 1179 378 iussit
1208 336 1358 379 humo!

345 407 481 463 Saepe
513 407 635 449 illam
666 406 883 448 inmundis
915 421 1045 461 passa
1076 408 1143 448 est
1173 405 1369 448 habitare
1399 405 1607 461 tenebris,

391 479 543 530 ‘Vilem
574 477 742 520 ieiunae
775 492 902 532 saepe
933 476 1112 532 negauit
1144 491 1310 532 aquam.

341 550 551 606 Iuppiter,
584 549 803 604 Antiopae
834 563 1047 604 nusquam
1080 549 1293 591 succurris
1325 548 1505 591 habenti

283 632 328 664 20
401 621 485 664 Tot
515 621 661 664 mala?
693 621 930 675 corrumpit
962 620 1069 662 dura
1100 621 1252 663 catena
1283 635 1446 662 manus.

345 691 390 735 Si
423 693 527 734 deus
559 707 623 746 es,
654 692 736 734 tibi
766 694 891 747 turpe
922 694 1044 734 tuam
1077 692 1236 734 seruire
1267 691 1468 746 puellam.

401 763 581 806 Inuocet
614 763 802 817 Antiope
835 777 961 818 quem
992 762 1079 804 nisi
1110 763 1256 805 uincta
1285 762 1463 804 Iouem?

345 833 446 877 Sola
477 836 643 890 tamen,
675 848 967 889 quaecumque
1000 833 1181 875 aderant
1210 834 1257 876 in
1287 848 1466 888 corpore
1496 833 1627 889 uires,

403 905 587 962 Regales
620 905 809 947 manicas
841 905 959 960 rupit
991 907 1171 960 utraque
1203 920 1344 947 manu.

285 987 329 1018 25
345 977 448 1019 Inde
481 976 755 1020 Cithaeronis
786 977 938 1018 timido
969 976 1075 1032 pede
1107 977 1242 1019 currit
1273 977 1319 1018 in
1351 992 1480 1020 arces,

402 1048 500 1091 Nox
534 1050 644 1103 era-t,
676 1050 719 1090 et
749 1062 900 1102 sparso
933 1047 1058 1089 triste
1089 1048 1227 1089 cubile
1259 1047 1370 1104 gelu.

346 1118 482 1174 Saepe
514 1133 627 1174 uago
661 1118 797 1173 Asopi
829 1119 975 1160 sonitu
1006 1121 1205 1173 permota
1234 1119 1405 1161 fluentis

405 1189 618 1232 Credebat
650 1190 848 1232 dominae
881 1204 991 1244 pone
1024 1189 1169 1232 uenire
1200 1189 1342 1244 pedes.

345 1260 404 1303 Et
436 1261 590 1303 durum
622 1261 804 1303 Zethum
837 1263 880 1302 et
909 1260 1097 1302 lacrimis
1130 1260 1378 1316 Amphiona
1408 1262 1583 1304 mollem

286 1343 331 1374 30
405 1333 596 1387 Experta
628 1335 695 1375 est
727 1332 910 1374 stabulis
941 1334 1079 1374 mater
1110 1332 1265 1374 abacta
1297 1332 1396 1375 suis.

346 1404 407 1445 At
437 1404 591 1459 ueluti,
623 1417 805 1458 magnos
838 1418 934 1445 cum
965 1405 1134 1458 ponunt
1165 1418 1352 1459 aequora
1382 1408 1546 1460 motus,

406 1475 549 1517 Eurus
581 1475 625 1516 in
658 1475 861 1517 aduersos
893 1474 1050 1516 desinit
1079 1474 1140 1515 ire
1172 1473 1312 1516 Notos

347 1546 575 1601 Litoreque
607 1546 653 1588 in
684 1546 817 1588 tacito
851 1545 1015 1587 sonitus
1047 1545 1227 1587 rarescit
1259 1559 1430 1588 arenae:

409 1617 497 1673 Sic,
531 1618 620 1659 adit
650 1619 700 1658 ut
728 1616 838 1658 flexo
871 1616 994 1671 lapsa
1025 1616 1169 1671 puella
1201 1630 1332 1672 genu,

291 1700 335 1730 35
353 1687 458 1731 Sera
488 1691 634 1731 tamen
665 1688 805 1744 pietas
836 1688 952 1730 natis
985 1690 1029 1730 et
1059 1688 1259 1743 cognitus
1291 1702 1423 1730 error.

408 1759 549 1815 Digne
582 1759 698 1802 Iouis
729 1761 856 1802 natos
890 1760 962 1815 qui
993 1762 1139 1801 tueare
1172 1773 1319 1814 senex,

348 1830 412 1872 Tu
443 1831 585 1872 reddis
617 1830 761 1886 pueris
793 1832 994 1885 matrem,
1025 1829 1231 1885 puerique
1262 1830 1519 1873 trahendam

409 1901 652 1944 Vinxerunt
682 1901 839 1943 Dircen
873 1901 951 1943 sub
983 1901 1116 1942 trucis
1149 1915 1225 1943 ora
1256 1901 1392 1943 bouis.

329 2006 420 2042 Vin.
447 2019 547 2042 Lacr.
618 2008 660 2040 15
703 2004 874 2050 {pensis
899 2007 930 2038 V
968 2003 1091 2049 pensis
1121 2007 1169 2039 R:
1208 2003 1223 2039 i
1251 2003 1373 2050 pensis
1405 2007 1433 2038 r
1469 2005 1648 2051 impensis
1678 2012 1707 2043 1)
1754 2008 1760 2056 1

230 2064 381 2110 'iniquis
400 2068 430 2099 V
449 2066 461 2110 11
490 2069 534 2101 17
559 2063 600 2099 in
625 2064 771 2099 mundis
795 2069 823 2098 D
844 2066 874 2097 V
896 2065 900 2108 1
928 2062 1078 2098 latitare
1103 2063 1147 2098 L.
1180 2062 1379 2098 Muellerus
1414 2064 1427 2108 11
1465 2067 1508 2099 19
1533 2065 1676 2110 Iupiter
1697 2070 1726 2101 F
1754 2067 1758 2113 1

233 2124 385 2170 antiope
407 2127 432 2158 0
458 2124 650 2170 (anthiope
669 2127 697 2157 F
715 2135 760 2159 m.
776 2123 899 2169 ,2)1120
925 2122 1005 2157 dira
1030 2123 1191 2157 cathena
1214 2121 1321 2168 Ε1121
1351 2133 1389 2157 es
1415 2133 1454 2160 5:
1480 2124 1538 2158 est
1562 2127 1587 2158 0
1605 2123 1610 2171 1
1626 2124 1763 2161 seruire

236 2188 278 2220 0:
305 2195 452 2221 seruare
477 2187 507 2218 V
532 2196 577 2221 m.
603 2187 629 2220 2
660 2184 673 2229 11
704 2188 748 2218 22
774 2183 921 2219 Imictet
946 2186 992 2227 F,
1018 2193 1107 2218 corr.
1135 2193 1202 2227 my.
1229 2194 1272 2218 m.
1299 2186 1325 2218 2
1358 2183 1362 2227 1
1391 2181 1567 2229 anthiope
1591 2187 1619 2218 Ε·
1643 2184 1762 2221 antio-

235 2256 321 2291 pem
345 2249 374 2279 1>
399 2243 601 2289 antiope}
625 2245 745 2288 (erasa
770 2245 822 2289 m)
847 2246 877 2276 V
898 2244 904 2287 1
926 2242 1053 2277 uincta
1078 2252 1115 2280 ⁴3:
1142 2241 1244 2277 uicta
1269 2245 1294 2276 0
1320 2243 1333 2287 11
1357 2246 1404 2277 24
1429 2242 1618 2278 machinas
1640 2244 1762 2289 1¹fl25

236 2302 448 2349 cytheronis
473 2306 503 2336 V
527 2315 572 2338 m.
599 2305 644 2347 2,
670 2305 719 2337 R:
745 2301 918 2337 citeronis
942 2306 971 2335 1)
991 2304 1020 2335 V
1045 2301 1224 2336 ciceronis
1249 2304 1277 2334 Ε·
1301 2301 1315 2346 11
1339 2305 1383 2336 27
1411 2300 1517 2346 asopi
1540 2297 1569 2335 i)
1588 2304 1634 2337 V:
1660 2302 1764 2348 esopi

243 2366 269 2396 F
297 2362 402 2410 esopi
426 2366 457 2396 N
483 2361 624 2407 (aesopi
649 2364 679 2394 V
704 2373 749 2396 m.
774 2363 833 2408 ,2)-
850 2361 863 2406 11
899 2364 945 2395 28
977 2370 1072 2405 pene
1096 2364 1125 2393 1)
1144 2362 1174 2393 V
1200 2359 1272 2404 (hic
1295 2370 1362 2404 my.
1388 2370 1433 2396 m.
1458 2363 1485 2396 2
1511 2361 1621 2406 pone)
1661 2361 1676 2407 11
1717 2365 1762 2397 29

237 2422 359 2456 zetum
382 2426 411 2455 D
431 2424 461 2454 V
486 2423 607 2469 zetum
628 2423 660 2454 N
685 2419 825 2455 cethim
849 2422 876 2453 F
896 2420 907 2465 11
927 2423 972 2454 30
998 2418 1153 2454 stabulis
1179 2428 1218 2455 ς;
1244 2417 1382 2453 tabulis
1407 2420 1432 2452 0
1458 2419 1472 2463 11
1495 2422 1536 2454 31
1566 2419 1616 2455 At
1638 2423 1683 2455 rt
1708 2421 1763 2456 Ac

236 2485 264 2514 1)
284 2483 316 2514 N
335 2483 364 2513 V
401 2482 414 2525 11
450 2484 494 2515 32
530 2480 567 2515 in
594 2480 768 2515 aduersos
783 2499 826 2504 -
841 2480 950 2514 notos
977 2481 1019 2513 0:
1047 2478 1114 2513 sub
1141 2477 1295 2513 aduerso
1315 2498 1354 2503 —
1369 2478 1485 2513 notho
1509 2480 1542 2511 R
1565 2479 1676 2524 (wnde
1699 2479 1765 2515 ubi

238 2538 396 2574 aduerso
412 2559 454 2564 —
469 2540 559 2574 noto
585 2538 858 2581 Lachmannus)
886 2538 899 2582 11
923 2541 968 2572 33
995 2536 1192 2581 Litoreque
1217 2537 1257 2571 in
1279 2537 1429 2581 scripsi:
1454 2535 1598 2572 Littore
1623 2537 1764 2582 (Litore

238 2601 265 2631 F
291 2609 336 2633 m.
362 2599 398 2642 1)
425 2598 478 2633 sic
503 2602 527 2632 0
554 2598 586 2632 si
612 2608 633 2635 ς
661 2597 728 2633 sub
753 2597 949 2632 Liuineius
974 2595 1099 2631 Litore
1125 2597 1164 2631 et
1187 2595 1227 2631 in
1253 2595 1443 2631 Garuttius
1478 2596 1492 2640 11
1527 2599 1573 2631 34
1599 2595 1660 2632 Sic
1684 2596 1765 2633 adit

240 2658 331 2702 (scil.
357 2658 481 2701 natos)
507 2658 654 2702 scripsi:
682 2656 722 2692 Si
747 2655 848 2692 cadit
873 2658 897 2689 0
926 2655 987 2690 Sic
1014 2654 1115 2690 cadit
1138 2658 1168 2688 V
1191 2666 1237 2690 m.
1258 2658 1302 2696 2,
1328 2657 1359 2688 R
1380 2655 1386 2700 1
1407 2655 1450 2689 ut
1473 2653 1568 2690 flexo
1587 2654 1764 2691 Jacobus':

240 2717 375 2752 inflexo
402 2720 427 2750 0
462 2718 467 2760 1
500 2717 600 2751 lassa
625 2726 646 2753 ς
682 2718 694 2761 11
731 2719 775 2751 35
802 2714 899 2750 uatis
924 2718 951 2748 F
978 2716 1025 2759 (et
1048 2717 1078 2748 V
1102 2725 1169 2759 my.
1196 2725 1241 2749 m.
1267 2714 1307 2759 2)
1330 2712 1334 2760 1
1363 2714 1402 2748 et
1426 2722 1466 2750 ⁴3:
1492 2715 1551 2750 est
1574 2718 1599 2749 0
1621 2715 1626 2757 Ι
1648 2715 1763 2759 error]

242 2776 331 2812 ordo
349 2780 378 2810 1)
400 2777 445 2821 (et
463 2778 493 2808 V
519 2786 586 2820 my.
613 2787 656 2809 m.
683 2779 727 2818 23
754 2785 856 2810 error
878 2778 907 2808 1)
932 2775 1015 2819 my.)
1034 2774 1047 2818 11
1066 2777 1110 2808 36
1136 2774 1245 2809 natos
1271 2784 1288 2808 e
1311 2784 1347 2808 u.
1371 2773 1496 2817 priore
1520 2775 1639 2807 ortum
1661 2772 1762 2808 uide-

242 2838 319 2877 tur3
344 2835 428 2879 fort.
455 2834 596 2879 prolem
633 2835 645 2879 11
682 2837 725 2868 37
753 2833 946 2879 puerique]
974 2845 990 2868 s
1016 2843 1132 2877 supra
1155 2831 1195 2877 iq
1219 2843 1263 2867 m.
1284 2835 1309 2867 2
1328 2834 1355 2865 F
1392 2831 1406 2876 11
1442 2834 1487 2865 38
1511 2830 1719 2866 Vincerunt
1734 2834 1763 2865 Ξ·

244 2893 429 2929 Vixerunt
448 2896 479 2927 N
501 2893 504 2939 1
527 2893 644 2928 duren
667 2896 694 2926 F
719 2904 764 2928 m.
790 2896 811 2928 1
839 2892 979 2928 dircem
1003 2896 1032 2926 D
1051 2894 1081 2925 V

1889 2864 1898 2914 ι’

1868 2959 1898 3190 j
