1898 3190
187 138 272 180 184
689 136 951 173 PROPERTII
969 136 1057 174 LIB.
1083 137 1146 174 IV.
1172 142 1206 174 8.

303 246 467 302 Appia,
499 247 565 288 dic
597 260 777 301 quaeso,
809 248 1017 301 quantum
1047 248 1091 288 te
1122 248 1233 289 teste
1263 248 1530 304 triumphum

362 317 518 372 Egerit
549 317 695 358 effusis
727 331 804 371 per
834 319 909 359 tua
941 332 1044 359 saxa
1074 318 1200 370 rotis,

307 388 465 443 Turpis
498 390 544 430 in
576 402 733 430 arcana
765 388 911 430 sonuit
941 403 1038 431 cum
1069 390 1162 432 rixa
1192 391 1392 447 taberna3

246 470 291 502 2ο
365 457 409 501 Si
442 459 531 502 sine
563 475 647 515 me,
678 460 819 502 famae
850 474 939 502 non
971 461 1061 502 sine
1093 461 1191 503 labe
1222 477 1355 505 meae.

306 529 575 584 Spectaclum
607 532 703 585 ipsa
735 530 886 573 sedens
917 531 1057 586 primo
1088 534 1258 575 temone
1288 534 1509 590 pependit,

365 602 485 644 Ausa
515 616 592 656 per
622 601 801 656 inpuros
834 601 956 643 frena
986 616 1160 644 mouere
1190 603 1319 646 locos.

307 673 452 716 Serica
482 688 585 715 nam
614 675 737 715 taceo
770 673 883 715 uolsi
916 677 1122 729 carpenta
1151 675 1340 731 nepotis,

367 743 509 798 Atque
543 744 782 786 armillatos
814 744 926 787 colla
956 744 1151 788 Molossa
1180 761 1326 802 canes,

247 826 291 857 25
308 815 390 865 Qui
418 815 542 858 dabit
573 815 805 857 inmundae
835 816 1008 858 uenalia
1038 817 1130 859 fata
1162 817 1357 874 saginae,

366 885 525 929 Vincet
555 887 630 929 ubi
662 901 807 929 erasas
838 887 976 929 barba
1006 887 1205 943 pudenda
1236 902 1380 944 genas.

309 957 417 1001 Cum
448 958 571 1000 fieret
601 960 748 1000 nostro
781 958 943 1000 totiens
974 959 1133 1001 iniuria
1163 960 1295 1012 lecto,

365 1028 536 1072 Mutato
568 1029 687 1072 uolui
719 1031 862 1071 castra
891 1045 1064 1072 mouere
1095 1032 1206 1073 toro.

308 1099 475 1155 Phyllis
507 1100 751 1143 Auentinae
784 1101 994 1156 quaedam
1026 1103 1093 1144 est
1122 1102 1266 1144 uicina
1295 1102 1483 1158 Dianae3

251 1183 295 1214 30
370 1170 525 1214 Sobria
557 1174 683 1228 grata
714 1187 886 1227 parum:
919 1187 1015 1214 cum
1046 1173 1174 1228 bibit,
1207 1188 1333 1216 omne
1364 1173 1497 1216 decet.

311 1242 462 1284 Altera
493 1243 698 1298 Tarpeios
730 1245 797 1285 est
827 1243 939 1285 inter
970 1243 1074 1285 Teia
1105 1244 1245 1299 1u00s3

370 1312 581 1370 Candida,
614 1314 687 1356 sed
717 1316 846 1369 potae
877 1329 965 1357 non
996 1315 1102 1357 satis
1134 1329 1244 1357 unus
1277 1316 1368 1358 erit.

311 1384 393 1427 His
428 1398 507 1440 ego
540 1386 744 1429 constitui
775 1388 946 1428 noctem
977 1386 1111 1428 lenire
1142 1387 1325 1442 vocatis,

370 1456 429 1498 Et
459 1457 627 1500 Venere
659 1457 810 1513 ignota
840 1457 957 1499 furta
986 1472 1145 1500 nouare
1177 1473 1285 1500 mea.

253 1539 297 1570 35
313 1528 434 1571 Unus
466 1531 559 1571 erat
589 1528 728 1570 tribus
760 1528 806 1570 in
838 1530 1004 1571 secreta
1034 1529 1216 1571 lectulus
1248 1530 1414 1572 umbra.

373 1598 551 1648 Quaeris
584 1598 868 1642 concubitus?
899 1599 1013 1641 inter
1043 1602 1269 1656 utramque
1299 1600 1373 1642 fui.

313 1670 560 1727 Lygdamus
593 1671 647 1713 ad
679 1671 876 1726 cyathos,
907 1673 1130 1726 craterque
1161 1671 1326 1713 aestiua
1358 1672 1567 1727 supellex,

373 1742 434 1784 Et
463 1742 762 1797 Methymnaei
793 1740 925 1784 Graia
956 1742 1096 1784 saliua
1127 1742 1244 1784 meri.

315 1812 486 1856 Nilotes
518 1814 680 1856 tibicen
713 1815 823 1868 erat,
855 1813 1118 1855 crotalistria
1149 1813 1332 1868 Phyllis3

292 1989 382 2024 VAR.
408 2001 507 2025 Lacr.
559 1993 602 2025 17
629 1988 674 2025 de
694 1990 721 2025 t.
741 1987 1002 2033 trihumphum
1019 1993 1047 2022 Ε
1066 1990 1078 2034 ΙΙ
1099 1993 1142 2025 18
1169 2000 1270 2024 sassa
1287 1993 1315 2023 Ε
1333 1990 1347 2035 ΙΙ
1365 1993 1407 2024 21
1440 1989 1724 2035 Spectae}lum

197 2051 227 2082 V
252 2059 320 2093 my.
345 2059 391 2084 m.
417 2052 462 2085 2:
490 2048 740 2094 Spectandum
769 2051 793 2082 0
820 2047 1081 2093 Spectaculum
1106 2051 1138 2081 N
1174 2049 1187 2093 ΙΙ
1217 2051 1261 2083 22
1287 2049 1375 2094 imp.
1401 2052 1430 2084 D
1449 2051 1480 2082 V
1497 2050 1510 2094 ΙΙ
1528 2053 1573 2084 23
1601 2049 1726 2085 Serica

199 2118 285 2142 nam
310 2108 418 2142 taceo
442 2107 664 2143 Beroaldus:
692 2107 732 2143 Si
756 2107 927 2153 riganam
952 2108 1052 2142 tacto
1071 2110 1098 2140 Ε
1112 2110 1144 2140 N
1170 2106 1209 2141 Si
1228 2106 1310 2152 riga
1328 2118 1416 2141 nam
1435 2109 1538 2143 tacto
1556 2113 1585 2144 n
1606 2107 1725 2144 Sirica.

198 2176 283 2200 nam
314 2166 418 2202 tacto
443 2169 474 2199 V
499 2167 580 2212 (my.
607 2178 651 2203 m.
675 2171 701 2203 2
729 2166 880 2212 siringa)
927 2166 933 2213 Ι
977 2165 1125 2212 nepotis
1151 2176 1190 2204 ςε
1216 2165 1343 2211 nepoti
1369 2169 1394 2200 0
1436 2167 1449 2212 ΙΙ
1491 2170 1538 2202 24
1562 2167 1725 2204 molossa
1765 2182 1769 2187 ·

198 2230 227 2260 D
246 2229 292 2260 V:
319 2226 463 2261 molosa
486 2230 514 2259 Ε
540 2226 685 2261 malosa
708 2229 740 2260 N
758 2227 771 2271 ss
788 2229 835 2260 25
860 2225 900 2260 in
925 2226 1086 2261 mundae
1111 2230 1139 2259 D
1160 2228 1190 2259 V
1212 2227 1216 2269 Ι
1238 2224 1340 2260 facta
1362 2229 1390 2258 Ε
1414 2225 1514 2262 farta
1535 2227 1631 2262 Itali
1646 2227 1661 2273 ΙΙ
1679 2231 1725 2262 27

198 2284 239 2319 in
264 2284 364 2320 Iuria
387 2289 415 2318 Ε
434 2287 445 2331 ΙΙ
464 2289 510 2321 28
534 2284 679 2321 Mutato
706 2295 743 2323 ςε
771 2285 931 2320 Multato
956 2288 984 2318 Ε
1003 2288 1035 2318 Ν
1060 2284 1241 2320 Mulctato
1258 2287 1331 2318 DV
1353 2285 1358 2329 Ι
1379 2284 1484 2320 uolui
1501 2285 1723 2322 Beroaldus:

199 2344 322 2379 uoluit
347 2347 371 2378 0
394 2346 399 2388 Ι
421 2345 530 2380 thoro
555 2348 583 2378 Ε
601 2348 633 2378 Ν
669 2346 681 2390 ΙΙ
720 2357 744 2380 α
768 2355 804 2380 u.
830 2348 876 2380 29
901 2355 1037 2379 nouum
1062 2345 1103 2379 in
1129 2347 1153 2378 0
1179 2355 1324 2380 carmen
1346 2345 1426 2380 sim
1448 2344 1556 2379 titulo
1580 2344 1725 2390 incipit,

201 2405 471 2439 coniunxerunt
496 2404 592 2438 Itali
610 2404 622 2448 ΙΙ
646 2407 691 2438 29
717 2402 850 2438 Phillis
875 2406 900 2436 0
937 2404 950 2448 ΙΙ
987 2407 1030 2438 31
1057 2404 1114 2438 est
1139 2415 1162 2438 a
1185 2415 1231 2440 m.
1256 2407 1278 2438 1
1305 2414 1371 2439 om.
1397 2404 1439 2438 in
1463 2413 1582 2439 uacuo
1604 2405 1725 2449 spatio

196 2466 282 2508 post
304 2462 403 2498 inter
428 2463 511 2498 add.
537 2474 583 2499 m.
610 2466 636 2499 2
661 2466 693 2496 N
714 2464 719 2507 1
740 2461 845 2498 theia
868 2466 896 2496 Ε
921 2463 933 2508 ΙΙ
952 2466 997 2497 33
1022 2462 1104 2496 Hiis
1129 2466 1157 2496 Ε
1178 2464 1183 2508 1
1210 2462 1336 2498 uenire
1361 2466 1393 2497 Π
1419 2463 1433 2508 ss
1463 2465 1509 2497 34
1533 2473 1671 2499 nouare
1694 2467 1724 2498 Ε

201 2534 247 2558 m.
273 2526 317 2567 2,
343 2525 373 2556 V
397 2533 465 2568 my.
491 2534 537 2559 m.
562 2524 606 2567 2,
631 2525 678 2557 R:
703 2523 833 2558 notare
859 2525 884 2556 0
909 2522 985 2567 1135
1011 2522 1143 2557 umbra
1161 2522 1355 2557 Heinsius:
1380 2522 1497 2557 herba
1521 2522 1642 2567 01136
1667 2523 1725 2559 sui

202 2587 230 2616 1)
249 2582 262 2627 ΙΙ
281 2586 325 2617 37
358 2581 474 2617 ciatos
498 2585 525 2615 Ε
553 2582 559 2627 l
587 2583 779 2626 craterque
809 2581 955 2626 scripsi:
982 2581 1137 2625 uterque
1158 2584 1182 2614 0
1207 2580 1354 2626 utrique
1379 2583 1409 2614 V
1434 2591 1538 2625 corn,
1562 2585 1591 2615 Ε
1614 2593 1659 2617 m.
1685 2585 1724 2627 2,

202 2644 234 2675 N
259 2639 420 2685 uitrique
440 2639 604 2686 Scaliyer
625 2641 631 2687 1
652 2640 778 2676 extiua
801 2645 830 2674 Ι)
849 2644 893 2686 Ε,
919 2643 949 2673 V
973 2651 1017 2675 m.
1044 2642 1065 2674 1
1086 2641 1098 2684 ΙΙ
1117 2643 1161 2674 38
1187 2638 1406 2674 methiuinei
1424 2643 1452 2674 Ε
1473 2642 1480 2686 Ι
1501 2639 1615 2676 Graia
1635 2641 1724 2677 Pal-

203 2701 354 2736 merius:
379 2699 489 2745 grata
512 2703 540 2733 1)
560 2702 590 2732 V
614 2711 726 2745 greca
749 2703 776 2733 Ε
794 2703 826 2733 N
852 2700 1001 2745 (graeca
1024 2701 1054 2732 V
1079 2709 1146 2744 my.
1173 2710 1218 2734 m.
1243 2699 1285 2743 2)
1309 2699 1313 2743 Ι
1335 2698 1455 2733 salina
1477 2702 1506 2732 Ε
1529 2710 1574 2734 m.
1600 2703 1622 2735 1
1647 2701 1723 2745 [139

203 2758 351 2795 Nilotes
376 2758 554 2804 Scaliyer:
580 2758 666 2793 Nile
690 2760 775 2794 tuus
800 2762 825 2793 0
859 2760 864 2802 l
905 2757 1130 2794 crotalistria
1159 2757 1363 2792 Turnebus:
1389 2756 1555 2793 colistria
1578 2761 1607 2792 Ε
1631 2770 1676 2794 m.
1701 2761 1722 2793 1

206 2817 414 2854 coralistria
436 2822 466 2852 1)
485 2820 515 2851 V
540 2819 581 2863 (Ε
605 2829 651 2854 m.
677 2819 718 2863 2)
750 2817 920 2853 coristria
944 2818 984 2862 (h
1007 2828 1123 2862 supra
1148 2827 1167 2851 c
1191 2817 1238 2852 al.
1264 2817 1324 2861 m.)
1348 2819 1379 2849 V
1414 2826 1483 2861 my.
1508 2827 1553 2851 m.
1580 2819 1606 2853 2
1638 2817 1725 2854 ebo·

206 2877 370 2915 ralistria
394 2881 426 2911 N
447 2878 452 2923 1
474 2876 603 2923 phillis
623 2880 647 2912 0
673 2876 790 2912 Philis
815 2876 977 2922 Scaliyer
1001 2875 1129 2911 Phidis
1153 2875 1395 2911 Burmannus
