1898 3190
211 143 297 186 180
707 145 971 182 PROPERTII
993 145 1084 180 LIB.
1107 145 1172 182 IV.
1199 149 1231 183 7.

326 252 524 308 Denique
555 254 650 308 quis
681 256 831 296 nostro
863 268 1042 296 curuum
1072 256 1116 296 te
1146 254 1296 296 funere
1326 254 1456 310 uidit,

388 323 542 366 Atram
574 324 668 379 quis
699 323 889 366 lacrimis
921 325 1151 367 incaluisse
1181 325 1360 381 togam?

329 393 375 436 Si
406 394 549 450 piguit
579 397 729 449 portas
760 395 876 437 ultra
906 396 1156 451 procedere,
1188 398 1234 438 at
1263 396 1365 438 illuc

268 476 314 507 30
388 465 616 522 Iussisses,
647 467 807 508 lectum
838 467 996 509 lentius
1027 468 1091 509 ire
1122 482 1278 510 meum.

269 564 278 570 -
328 535 414 579 Cur
443 539 596 579 uentos
627 551 716 580 non
747 538 841 592 ipse
872 538 1008 594 rogis,
1039 538 1228 593 ingrate,
1259 537 1437 592 petisti?

388 606 475 650 Cur
505 607 641 650 nardo
673 608 872 650 flammae
903 622 993 651 non
1023 609 1168 651 oluere
1199 608 1347 651 meae?

327 678 422 721 Hoc
456 678 587 720 etiam
618 691 751 733 graue
783 681 894 734 erat,
925 679 1047 732 nulla
1078 680 1271 722 mercede
1302 680 1563 735 hyacinthos

386 749 549 791 Inicere
581 751 625 791 et
653 749 794 792 fracto
828 751 955 792 busta
985 750 1104 804 piare
1137 750 1255 793 cado.

269 832 313 863 35
328 820 576 875 Lygdamus
609 822 779 873 uratur,
811 821 1039 863 candescat
1070 821 1234 863 lamina
1264 836 1439 864 uernae:

389 890 512 934 Sensi
543 905 645 947 ego,
676 907 773 934 cum
805 892 975 934 insidiis
1006 892 1170 947 pallida
1201 892 1305 934 uina
1334 892 1439 935 bibi.

329 962 450 1005 Haut
481 961 647 1004 Nomas
680 978 860 1006 arcanas
891 964 1019 1005 tollat
1049 966 1225 1006 uersuta
1256 965 1434 1007 salinas:

387 1034 515 1076 Dicet
546 1034 772 1077 damnatas
804 1035 934 1090 ignea
965 1036 1080 1076 testa
1110 1049 1278 1077 manus.

329 1104 447 1154 Quae
479 1105 608 1148 modo
640 1120 718 1161 per
748 1106 858 1147 uiles
891 1106 1086 1160 inspecta
1117 1108 1184 1147 est
1213 1106 1388 1161 publica
1418 1108 1586 1163 noctes,

266 1187 313 1218 40
385 1175 504 1218 Haec
535 1191 649 1218 nunc
681 1178 831 1218 aurata
863 1176 1034 1231 cyclade
1066 1176 1211 1232 signat
1241 1177 1438 1230 humum,

326 1246 386 1289 Et
418 1246 622 1303 grauiora
652 1247 839 1302 iniungit
870 1247 1029 1302 iniquis
1060 1262 1194 1302 pensa
1227 1248 1442 1304 quasillis,

388 1318 575 1361 Garrula
606 1318 657 1360 de
689 1318 798 1360 facie
830 1318 867 1360 si
898 1333 983 1373 qua
1013 1318 1159 1360 locuta
1190 1332 1286 1360 mea
1317 1321 1403 1375 est3

327 1389 575 1445 Nostraque
608 1390 721 1445 quod
752 1389 899 1432 Petale
931 1389 1034 1431 tulit
1064 1389 1119 1431 ad
1149 1392 1428 1432 monumenta
1457 1404 1657 1448 coronas,

387 1460 558 1503 Codicis
589 1460 784 1502 inmundi
815 1460 990 1503 uincula
1022 1460 1156 1502 sentit
1187 1475 1312 1516 anus3

268 1543 312 1574 45
328 1531 535 1574 Caeditur
566 1533 609 1573 et
639 1531 800 1588 Lalage
831 1532 959 1574 tortis
992 1546 1202 1586 suspensa
1233 1532 1419 1587 capillis,

386 1603 469 1645 Per
499 1617 659 1645 nomen
691 1604 895 1659 quoniam
927 1605 994 1645 est
1025 1618 1130 1645 ausa
1161 1617 1316 1659 rogare
1348 1618 1502 1646 meum.

328 1674 388 1716 Te
419 1674 612 1729 patiente
644 1689 764 1717 meae
796 1674 1002 1718 conflauit
1031 1674 1235 1730 imaginis
1267 1690 1438 1731 aurum,

386 1746 577 1788 Ardente
609 1761 632 1789 e
662 1748 812 1789 nostro
845 1746 992 1788 dotem
1023 1746 1225 1787 habitura
1256 1760 1375 1801 rogo.

327 1815 427 1859 Non
459 1819 607 1860 tamen
637 1818 843 1873 insector,
874 1817 1071 1872 quamuis
1102 1831 1312 1871 mereare,
1342 1816 1559 1872 Properti:

267 1899 313 1930 50
387 1888 537 1945 Longa
568 1904 664 1932 mea
694 1890 739 1931 in
769 1889 892 1931 libris
925 1903 1058 1944 regna
1088 1888 1207 1930 fuere
1238 1888 1339 1930 tuis.

303 2051 394 2089 VAR.
420 2066 519 2090 anrr.
569 2057 614 2089 27
642 2064 795 2088 curuum
809 2056 852 2088 0:
879 2053 1021 2088 curium
1033 2058 1062 2087 D
1082 2064 1150 2098 my.
1165 2063 1238 2097 pro
1256 2063 1338 2087 aar.
1359 2052 1433 2087 leet.
1453 2051 1602 2091 furuum
1621 2055 1736 2092 Hein-

207 2111 286 2146 sius
315 2113 328 2157 ΙΙ
352 2116 398 2148 28
424 2112 651 2148 inmaduisse
678 2123 700 2150 ς
735 2113 748 2157 ΙΙ
775 2116 819 2148 29
845 2111 996 2158 pinguit
1019 2116 1047 2146 F
1082 2113 1095 2158 ΙΙ
1131 2116 1176 2147 30
1202 2112 1376 2147 Iussisset
1399 2122 1491 2147 corr.
1510 2123 1556 2148 m.
1576 2117 1597 2148 1
1617 2114 1659 2150 in
1682 2126 1739 2150 —es

208 2173 240 2203 N
262 2171 267 2214 Ι
289 2169 406 2205 letum
430 2175 459 2205 D
478 2175 508 2206 V
526 2173 539 2217 ΙΙ
557 2176 602 2206 33
629 2173 709 2207 erat
733 2174 781 2206 N:
808 2171 880 2206 erit
905 2174 929 2205 0
951 2171 957 2216 1
978 2170 1098 2217 1111113]
1123 2170 1230 2205 ruina
1255 2171 1450 2214 (suprascr.
1476 2171 1524 2207 al.
1543 2171 1674 2218 nimia)
1693 2176 1735 2218 r,

209 2239 300 2264 corr.
326 2240 394 2275 my.
420 2242 465 2265 m.
492 2233 518 2266 2
549 2232 555 2275 Ι
589 2230 774 2266 hiacintos
798 2234 826 2264 F
851 2229 1069 2275 hyacinctos
1093 2233 1125 2263 N
1151 2229 1358 2274 (iacynthos
1381 2233 1413 2264 V
1436 2241 1505 2275 my.
1530 2242 1575 2266 m.
1601 2233 1643 2276 2)
1661 2232 1738 2277 1135

210 2292 302 2324 -38
323 2293 407 2333 post
431 2293 476 2324 46
502 2289 683 2335 Scahyer,
702 2293 788 2335 post
813 2294 858 2325 76
878 2290 1103 2325 Sehraderus
1121 2291 1327 2334 posuerunt
1362 2288 1374 2333 ΙΙ
1411 2292 1457 2323 35
1481 2288 1684 2335 Ligdamus
1708 2293 1740 2324 V

208 2347 536 2394 Ιιίςᾶ31113(-118Ϊ1η.
551 2351 593 2395 2)
606 2353 634 2383 F
652 2350 655 2396 Ι
672 2350 777 2385 uiuet
788 2353 815 2383 F
834 2361 879 2386 m.
893 2353 914 2384 1
933 2350 946 2395 ΙΙ
965 2353 1010 2385 36
1029 2350 1184 2392 fortasse
1198 2347 1304 2383 Sensi
1317 2358 1387 2393 ego
1402 2358 1504 2383 eum:
1524 2348 1668 2384 insidiis
1681 2350 1740 2384 uel

210 2406 329 2442 Huius
355 2419 423 2453 ego
442 2407 589 2444 insidiis
611 2411 616 2453 Ι
638 2409 773 2444 infidus
791 2412 836 2454 F,
862 2419 953 2444 corr.
974 2419 1042 2454 my.
1062 2419 1107 2444 m.
1126 2409 1152 2443 2
1174 2409 1181 2452 Ι
1201 2406 1318 2452 pallia
1335 2409 1368 2439 R
1385 2406 1398 2450 fl
1417 2410 1461 2442 37
1486 2407 1590 2442 Haut
1605 2408 1740 2453 scripsi

211 2467 267 2511 (ut
291 2466 385 2501 haut
409 2467 521 2502 tollat
545 2468 594 2502 sit
617 2479 692 2503 non
717 2468 844 2513 potest
867 2470 1034 2513 negare):
1060 2468 1135 2502 Aut
1154 2469 1179 2500 0
1204 2467 1255 2501 At
1280 2468 1316 2510 (u
1340 2468 1562 2511 suppuncta)
1579 2470 1610 2500 V
1628 2478 1673 2503 m.
1687 2466 1736 2515 21

210 2524 389 2571 arclianas
415 2525 519 2571 (areli
539 2527 583 2561 in
607 2538 679 2563 ras.
705 2539 750 2562 m.
776 2529 814 2567 2)
839 2530 869 2560 V
895 2526 1077 2561 archanas
1102 2529 1134 2559 R
1164 2528 1170 2570 Ι
1196 2536 1351 2560 uersura
1374 2527 1402 2558 Ε
1424 2526 1429 2570 Ι
1451 2524 1589 2560 salinas
1615 2535 1653 2563 ςε
1679 2537 1737 2562 sa—

210 2584 307 2620 linas
333 2586 453 2630 01138
479 2585 588 2621 Dicet
614 2589 656 2622 0:
683 2586 804 2622 Ducet
829 2597 868 2630 ς;
894 2586 1021 2621 malim
1044 2585 1181 2621 Vincet
1215 2585 1228 2629 ΙΙ
1265 2587 1309 2618 39
1340 2594 1408 2628 per
1429 2583 1564 2629 uigiles
1589 2584 1738 2620 Fontei—

210 2645 297 2680 ‘nius
314 2646 328 2691 ss
345 2648 391 2679 40
417 2644 501 2680 cida
525 2645 698 2690 designat
722 2650 767 2690 F,
793 2656 885 2681 corr.
910 2656 979 2690 my.
1004 2657 1048 2681 m.
1075 2649 1101 2681 2
1138 2647 1151 2690 ΙΙ
1187 2648 1231 2679 41
1258 2642 1421 2689 iniungit
1443 2643 1590 2687 scripsi:
1615 2643 1739 2678 fundit

213 2708 238 2739 0
263 2703 435 2750 rependit
459 2707 492 2738 et
515 2707 542 2737 F
567 2707 601 2738 et
625 2707 655 2738 V
679 2716 748 2750 my.
773 2716 819 2740 m.
845 2708 889 2748 2,
915 2707 947 2738 N
992 2707 997 2747 Ι
1043 2702 1180 2738 casillis
1205 2706 1250 2747 F,
1281 2712 1373 2737 corr.
1405 2712 1474 2746 my.
1499 2712 1544 2736 m.
1569 2703 1597 2737 2
1637 2702 1651 2747 ΙΙ
1691 2705 1737 2737 42

212 2763 352 2799 Gamla
373 2766 404 2797 V
422 2763 435 2807 ΙΙ
453 2765 500 2797 44
523 2762 563 2797 111
587 2762 718 2798 mundi
742 2767 815 2798 DV
834 2764 846 2808 ΙΙ
869 2766 915 2798 45
940 2762 1059 2798 131300
1085 2765 1112 2795 F
1131 2764 1163 2795 Ν
1193 2762 1206 2806 ΙΙ
1235 2765 1280 2796 46
1307 2771 1443 2806 negare
1467 2762 1498 2794 V
1521 2770 1567 2795 m.
1591 2762 1619 2796 2
1649 2761 1661 2806 ΙΙ
1691 2764 1736 2795 47

211 2826 244 2858 et
268 2827 314 2858 48
336 2825 419 2867 post
443 2825 490 2856 40
515 2822 659 2857 traiecit
679 2822 904 2858 Sem-aderas
922 2822 935 2866 ΙΙ
953 2826 997 2856 47
1023 2820 1196 2865 paciente
1215 2823 1261 2864 Ι),
1280 2818 1314 2854 V'
1335 2830 1380 2855 m.
1405 2822 1427 2853 1
1450 2820 1456 2863 1
1478 2829 1566 2854 aure
1585 2822 1613 2852 1⁷
1631 2830 1676 2853 m.
1690 2821 1711 2853 1
1725 2818 1738 2865 Η

212 2886 256 2917 48
283 2881 446 2916 Ardentc
473 2882 544 2927 (uel
569 2882 628 2927 -ti)
654 2892 692 2918 ςε
718 2881 862 2916 Ardent
887 2884 912 2914 0
934 2879 940 2927 1
964 2891 1008 2915 ex
1032 2883 1062 2914 V
1087 2891 1132 2915 m.
1158 2883 1184 2916 2
1203 2880 1216 2924 ΙΙ
1235 2882 1280 2914 50
1304 2878 1426 2922 furere
1450 2881 1478 2911 Ε
