1898 3190
236 144 292 186 26
737 145 996 182 PROPERTII
1021 147 1109 183 LIB.
1134 149 1163 184 Ι.
1190 151 1245 186 16.

297 265 340 296 12
413 254 567 297 Purior
598 257 640 297 et
672 256 802 297 saecli
831 255 976 297 uiuere
1007 256 1195 312 luxuria3

319 325 444 368 9Nec
476 342 653 381 possum
685 327 857 369 infamis
889 327 1088 371 dominae
1120 328 1344 370 defendere
1374 330 1542 383 noctes,

299 407 340 438 10
413 396 583 440 Nobilis
615 398 811 441 obscenis
843 399 1004 441 tradita
1035 399 1309 442 carminibus.

298 479 339 510 13
354 467 446 510 Has
478 469 592 511 inter
622 469 827 525 grauibus
859 484 991 526 cogor
1021 470 1175 512 deflere
1207 470 1424 526 querellis,

416 539 631 595 Supplicis
664 555 690 582 a
720 541 862 596 longis
893 542 1061 584 tristior
1093 541 1293 583 excubiis.

298 621 340 652 15
355 610 431 652 Ille
464 625 582 654 meos
613 624 849 667 numquam
879 613 1046 667 patitur
1076 613 1341 667 requiescere
1371 614 1536 668 postes,

414 680 584 737 Arguta
614 682 802 725 referens
834 683 1027 725 carmina
1058 683 1281 726 blanditia.

353 751 506 794 ‘Ianua
536 753 604 794 uel
636 753 810 796 domina
840 755 1013 808 penitus
1046 755 1259 797 crudelior
1289 755 1400 810 ipsa,

412 823 522 873 Quid
554 824 660 866 mihi
693 826 782 866 tam
814 825 931 867 duris
963 826 1108 868 clausa
1138 828 1256 868 taces
1286 826 1482 869 foribus?>

354 894 440 937 Cur
471 910 709 951 numquam
739 898 930 938 reserata
961 911 1081 939 meos
1113 897 1304 939 admittis
1337 910 1525 953 amores,

295 977 339 1009 20
411 966 572 1009 Nescia
601 967 787 1009 furtiuas
818 967 993 1010 reddere
1025 970 1144 1010 mota
1173 968 1350 1023 preces‘?

354 1037 539 1081 Nullane
570 1039 667 1080 finis
700 1039 782 1080 erit
813 1041 963 1081 nostro
996 1053 1201 1082 concessa
1233 1039 1388 1092 dolori,

417 1109 572 1152 Tristis
606 1114 649 1153 et
678 1111 723 1152 in
754 1110 899 1165 tepido
931 1110 1080 1152 limine
1113 1126 1288 1154 somnus
1321 1111 1432 1153 erit?

354 1181 423 1223 Me
456 1181 621 1223 mediae
652 1184 821 1237 noctes,
852 1196 919 1223 me
953 1182 1093 1224 sidera
1123 1196 1259 1237 prona
1291 1184 1520 1237 iacentem,

301 1248 307 1249 ⁷
414 1252 674 1309 Frigidaque
706 1253 800 1296 Eoo
833 1268 900 1295 me
934 1253 1048 1295 dolet
1080 1268 1184 1296 aura
1215 1253 1330 1309 gelu:

297 1336 341 1367 25
356 1324 421 1366 Tu
454 1324 547 1366 sola
578 1324 788 1366 humanos
819 1339 1057 1380 numquam
1088 1324 1290 1366 miserata
1321 1323 1490 1366 dolores

413 1394 666 1450 Respondes
698 1395 842 1437 tacitis
874 1398 1024 1437 mutua
1056 1395 1314 1438 cardinibus.

356 1466 390 1509 Ο
423 1467 588 1509 utinam
619 1467 800 1509 traiecta
831 1481 938 1509 caua
970 1481 1064 1508 mea
1094 1467 1250 1509 uocula
1280 1466 1391 1508 rima

414 1538 644 1581 Percussas
676 1538 875 1580 dominae
906 1541 1048 1580 uertat
1078 1538 1124 1580 in
1155 1538 1384 1580 auriculas!

357 1610 423 1653 Sit
454 1610 555 1652 licet
586 1612 629 1652 et
661 1625 764 1652 saxo
796 1610 1031 1665 patientior
1061 1610 1135 1652 illa
1167 1608 1339 1665 Sicano,

298 1693 343 1724 30
418 1680 483 1723 Sit
514 1681 616 1723 licet
647 1684 690 1723 et
721 1680 834 1723 ferro
868 1681 1014 1723 durior
1047 1683 1089 1723 et
1119 1681 1319 1736 chalybe:

356 1753 457 1795 Non
488 1755 635 1794 tamen
666 1753 742 1795 illa
774 1767 874 1795 suos
905 1752 1067 1807 poterit
1098 1766 1366 1807 compescere
1398 1751 1576 1806 ocellos,

417 1823 574 1879 Surget
606 1827 648 1865 et
678 1824 826 1865 inuitis
859 1823 1038 1879 spiritus
1071 1825 1114 1866 in
1145 1824 1345 1866 lacrimis.

357 1895 482 1938 Nunc
512 1896 625 1937 iacet
658 1896 833 1937 alterius
865 1895 981 1937 felici
1014 1895 1115 1937 nixa
1146 1895 1325 1938 lacerto:

418 1967 477 2009 At
508 1981 603 2008 mea
634 1969 845 2009 nocturno
877 1966 1010 2008 uerba
1042 1966 1200 2009 cadunt
1231 1965 1440 2021 Zephyro.

334 2180 424 2215 VAR.
452 2192 549 2214 Lacr.
601 2182 621 2213 9
664 2177 804 2224 possim
835 2181 864 2211 A
883 2181 910 2211 Ε
949 2178 1004 2223 (in
1029 2178 1094 2213 hoc
1129 2177 1221 2213 corr.¹
1251 2188 1294 2212 m.
1321 2175 1482 2223 2)1dn9
1520 2175 1548 2222 (i
1582 2186 1769 2221 suprascr.

239 2251 285 2274 m.
311 2241 352 2284 2)
377 2242 407 2272 V
449 2239 462 2284 ΙΙ
505 2242 549 2273 10
585 2238 744 2284 tradita]
775 2236 922 2272 reddita
951 2237 1194 2272 Burmannus
1235 2237 1247 2282 ΙΙ
1293 2239 1333 2270 12
1371 2235 1502 2270 Purior
1532 2234 1765 2280 Fonteinius,

243 2299 482 2344 Maduiyius:
522 2297 680 2343 Turpior
712 2300 736 2331 0
762 2295 879 2342 Turpi
909 2307 977 2331 nec
1008 2297 1043 2332 Ι.
1070 2296 1120 2332 H.
1158 2296 1304 2331 Vossius
1329 2293 1489 2340 Turpior
1518 2293 1550 2329 it
1573 2294 1767 2339 Hauptius

242 2358 443 2403 aliquando
482 2357 488 2403 Ι
528 2356 607 2392 sedi
625 2360 652 2390 Ε
678 2358 783 2401 (corr.
803 2367 848 2391 m.
869 2359 895 2391 2
914 2356 996 2401 my.)
1038 2356 1042 2401 Ι
1076 2354 1212 2391 luxiria
1235 2358 1266 2389 R
1302 2356 1315 2400 ΙΙ
1354 2358 1397 2389 13
1423 2353 1525 2389 Haec
1549 2353 1648 2389 inter
1674 2353 1766 2389 Pas·

241 2418 398 2453 seratius
422 2417 500 2451 Has
534 2416 651 2462 igitur
675 2416 934 2451 Lachmannus
973 2417 978 2460 Ι
1019 2414 1170 2461 deflere]
1198 2415 1321 2450 malim
1347 2413 1478 2448 durare
1503 2413 1550 2457 cf.
1575 2413 1592 2447 I
1617 2417 1650 2456 6,
1678 2416 1718 2447 11
1760 2412 1765 2459 Ι

243 2477 405 2522 querelis
431 2477 488 2521 011
518 2479 562 2511 14
587 2476 634 2511 ah
661 2476 793 2521 longas
814 2495 855 2500 -—
879 2473 1051 2509 excubias
1076 2473 1333 2508 Broukhusius
1350 2473 1363 2517 ΙΙ
1384 2475 1427 2507 15
1452 2482 1617 2516 nuquam
1641 2474 1673 2505 X
1690 2472 1703 2516 ΙΙ
1724 2475 1767 2506 16

242 2535 432 2572 blandicia
458 2539 487 2569 A
506 2540 534 2569 D
553 2538 584 2568 N
603 2536 615 2580 ΙΙ
637 2539 678 2570 17
704 2534 868 2580 penitus]
888 2532 1057 2579 precibus
1075 2532 1320 2567 Burmannus
1336 2541 1455 2576 paene
1475 2541 1497 2566 ο
1515 2530 1737 2566 Fonteinius
1755 2530 1768 2577 Η

246 2599 288 2630 18
314 2596 394 2630 tam
418 2599 446 2628 Ι)
466 2598 513 2629 V:
539 2594 614 2630 iam
640 2598 669 2628 A
688 2598 714 2627 Ε
734 2597 765 2627 N
806 2595 819 2638 ΙΙ
861 2597 904 2628 22
943 2590 1076 2627 Tristis
1103 2601 1140 2628 5:
1175 2590 1309 2636 Turpis
1335 2592 1377 2633 ῦς
1411 2589 1535 2625 malim
1562 2588 1715 2634 Semper
1761 2589 1766 2636 Ι

243 2653 384 2690 lumine
408 2658 437 2688 Ι)
463 2653 606 2699 (limine
632 2654 725 2688 idem
749 2654 791 2688 in
814 2663 883 2698 my.
906 2663 976 2697 pro
1001 2652 1113 2686 uaria
1132 2652 1240 2696 lect.)‚
1265 2653 1295 2684 V
1319 2661 1364 2686 m,
1385 2653 1405 2684 1
1429 2650 1434 2694 1
1457 2660 1642 2699 sompnus·
1658 2652 1689 2683 A
1706 2652 1739 2683 N
1755 2648 1769 2695 Η

245 2719 290 2750 23
315 2713 458 2750 medice
477 2716 524 2758 A,
544 2717 570 2746 Ε
596 2725 640 2747 m.
667 2716 704 2754 13
731 2723 819 2748 num
844 2711 970 2757 piceae
997 2713 1144 2755 (retento
1162 2710 1287 2755 plena)
1307 2709 1327 2744 ‚2
1350 2709 1356 2751 Ι
1376 2719 1494 2754 prona
1512 2718 1551 2745 ςε
1576 2707 1688 2753 plena
1707 2710 1732 2741 0
1755 2707 1769 2754 ΙΙ

229 2779 289 2809 ’26
325 2772 566 2818 Respondens
585 2776 612 2805 Ε
637 2784 682 2808 m.
703 2776 722 2806 1
766 2773 779 2817 ΙΙ
821 2775 865 2806 27
903 2770 1054 2816 uocula]
1090 2770 1213 2805 iacula
1235 2772 1282 2814 A,
1301 2772 1328 2802 Ε
1353 2780 1396 2803 m.
1423 2771 1443 2802 1
1470 2767 1482 2814 Η
1505 2770 1551 2801 29
1577 2777 1714 2812 sycano
1738 2769 1769 2800 A

247 2834 394 2869 siccano
414 2835 444 2865 V
474 2843 519 2867 m.
546 2835 565 2866 1
610 2833 622 2876 ΙΙ
665 2835 710 2866 30
747 2830 867 2866 calibe
898 2832 928 2864 A
947 2833 974 2863 Ε
1007 2829 1155 2864 chalibe
1180 2832 1210 2862 V
1245 2840 1290 2863 m.
1316 2831 1337 2862 1
1380 2828 1393 2872 ΙΙ
1436 2831 1480 2862 32
1519 2829 1582 2872 8ῇο
1607 2829 1639 2860 Π
1673 2826 1687 2871 fl
1721 2828 1769 2861 34

244 2893 394 2938 zephiro
420 2895 450 2926 A
468 2895 495 2925 Ε
514 2894 545 2925 N
