1898 3190
227 172 309 215 108
723 174 986 209 PROPERTII
1010 174 1098 209 LIB.
1124 174 1188 210 ΙΙΙ.
1215 179 1247 212 3.

401 281 617 324 Carminis
648 283 770 324 heroi
800 284 977 338 tangere
1009 282 1136 325 iussit
1167 283 1306 338 opus?

341 352 441 396 Non
472 353 544 395 hic
575 353 665 395 ulla
695 353 775 396 tibi
809 353 1023 408 speranda
1054 356 1121 395 est
1150 354 1286 410 fama,
1318 355 1536 410 Properti:

399 424 551 467 Mollia
582 427 682 466 sunt
713 425 860 479 paruis
891 426 1019 480 prata
1050 425 1226 467 terenda
1255 425 1383 481 rotis,

339 495 399 538 Ut
429 498 527 538 tuus
559 496 602 537 in
635 510 809 538 scamno
841 496 1025 538 iactetur
1057 511 1185 551 saepe
1215 496 1407 552 libellus,

281 579 325 609 20
402 566 537 616 Quem
570 566 689 622 legat
719 568 948 622 expectans
981 567 1074 609 sola
1104 567 1249 622 puella
1279 568 1431 624 uirum.

341 638 427 680 Gur
457 641 532 680 tua
563 638 828 692 praescripto
863 640 1033 680 senecta
1065 641 1132 680 est
1161 639 1324 694 pagina
1355 639 1490 695 gyro?

399 708 499 752 Non
531 711 598 752 est
627 709 792 765 ingenii
824 710 979 751 cumba
1010 710 1231 765 grauanda
1261 710 1337 752 tui.

339 779 464 822 Alter
494 796 636 823 remus
669 795 821 836 aquas,
853 781 963 823 alter
994 781 1075 823 tibi
1105 782 1230 823 radat
1261 797 1430 825 arenas:

399 851 536 894 Tutus
569 853 670 895 eris:
702 851 843 894 medio
875 852 1061 894 maxima
1092 853 1220 894 turba
1251 852 1360 894 mari
1391 851 1484 894 est.’

281 933 325 964 25
339 922 534 979 Dixerat,
566 925 610 965 et
640 923 805 978 plectro
838 923 982 965 sedem
1014 922 1119 964 mihi
1151 924 1367 965 monstrat
1397 923 1579 979 eburno,

401 994 496 1043 Qua
527 1009 644 1037 noua
675 1008 873 1036 muscoso
907 994 1061 1035 semita
1090 993 1207 1036 facta
1239 994 1333 1036 solo
1365 995 1442 1036 est.

340 1063 422 1107 Hic
454 1067 547 1107 erat
578 1065 729 1107 adfixis
761 1064 910 1107 uiridis
944 1065 1149 1120 spelunca
1179 1065 1362 1121 lapillis,

398 1136 736 1192 Pendebantque
768 1137 882 1179 cauis
914 1139 1123 1192 tympana
1153 1137 1414 1192 pumicibus,

342 1206 519 1262 Organa
549 1206 730 1264 Nysaei,
763 1210 806 1250 et
837 1206 971 1250 Sileni
1002 1208 1141 1263 patris
1172 1209 1317 1264 imago

281 1289 326 1320 30
399 1277 567 1321 Fictilis
599 1281 643 1321 et
674 1279 847 1334 calami,
878 1278 971 1320 Pan
1002 1278 1210 1334 Tegeaee,
1242 1280 1327 1335 tui3

338 1348 398 1391 Et
427 1348 609 1392 Veneris
642 1350 841 1392 dominae
871 1350 1086 1404 uolucres,
1118 1364 1214 1392 mea
1243 1351 1389 1406 turba,
1421 1352 1644 1394 columbae

399 1420 593 1477 Tingunt
624 1421 854 1477 Gorgoneo
886 1421 1041 1476 punica
1070 1423 1214 1464 rostra
1244 1422 1362 1478 lacu3

338 1491 604 1547 Diuorseque
636 1507 794 1535 nouem
827 1493 1006 1535 sortitae
1039 1507 1140 1534 rura
1171 1492 1339 1547 puellae

397 1563 613 1606 Exercent
644 1566 814 1606 teneras
845 1564 891 1605 in
924 1578 1002 1605 sua
1033 1563 1144 1606 dona
1176 1578 1348 1606 manus:

280 1644 324 1675 35
339 1633 458 1676 Haec
488 1635 667 1677 hederas
699 1634 807 1690 legit
837 1635 882 1676 in
912 1635 1105 1690 thyrsos,
1136 1634 1243 1677 haec
1275 1635 1468 1677 carmina
1492 1635 1636 1677 neruis

399 1706 552 1760 Aptat‚
585 1708 628 1747 et
658 1705 734 1747 illa
765 1720 896 1747 manu
927 1705 1036 1748 texit
1066 1707 1246 1761 utraque
1277 1720 1438 1749 rosam.

321 1904 412 1939 VAR.
439 1917 537 1941 Lacr.
590 1908 632 1940 17
658 1904 746 1940 hjnc
770 1904 971 1940 ,Fr-aterius
998 1905 1003 1948 Ι
1033 1904 1112 1940 ulla
1136 1916 1182 1941 m.
1207 1907 1228 1939 1
1255 1915 1300 1940 ew
1322 1903 1391 1940 illa
1415 1915 1506 1941 corr.
1531 1907 1564 1938 Π
1593 1905 1606 1950 ΙΙ
1637 1908 1680 1939 19
1705 1904 1755 1940 Et

222 1963 472 2009 Fonteiniusl
506 1974 670 1999 scammo
695 1967 723 1997 F
754 1964 766 2008 ΙΙ
802 1967 847 1998 20
875 1962 970 1999 solla
994 1966 1024 1996 V
1060 1965 1072 2009 ΙΙ
1102 1967 1145 1998 21
1172 1962 1379 2009 perscripto
1403 1966 1436 1997 N
1466 1964 1472 2008 1
1504 1963 1752 2010 praescriptos

221 2024 407 2059 euecta—
423 2034 535 2069 gyros
560 2023 724 2068 Scaliyer
749 2022 925 2058 deflectat
950 2022 1171 2058 Fonteinius
1210 2024 1215 2068 Ι
1257 2023 1315 2058 est
1339 2033 1404 2059 om.
1430 2026 1459 2056 P
1499 2024 1503 2067 Ι
1543 2022 1624 2069 giro
1649 2026 1693 2067 r,
1719 2026 1752 2058 et

220 2082 276 2117 ita
300 2093 345 2117 eae
369 2082 450 2118 uiro
474 2095 519 2119 m.
546 2087 567 2118 1
595 2094 685 2119 corr.
712 2086 743 2116 N
761 2083 773 2128 ΙΙ
791 2087 836 2117 22
871 2083 1005 2118 cumba
1029 2086 1073 2118 F:
1100 2082 1223 2118 cimba
1247 2083 1341 2118 idem
1364 2094 1409 2118 m.
1436 2085 1462 2119 2
1488 2082 1622 2128 cymba.
1646 2083 1752 2118 ceteri

221 2142 345 2186 (turba
369 2144 399 2176 V
423 2153 493 2188 my.
518 2154 564 2178 m.
590 2144 630 2188 2)
650 2144 725 2187 [123
752 2142 910 2177 harenas
935 2144 967 2175 N
985 2143 997 2187 fl
1016 2145 1062 2176 24
1088 2143 1145 2176 est
1169 2152 1235 2178 om.
1261 2145 1288 2175 Ε
1313 2142 1326 2187 ΙΙ
1351 2145 1398 2176 26
1425 2139 1505 2183 Quo
1530 2142 1593 2187 ΝΙΙ
1618 2145 1663 2178 27
1690 2141 1749 2178 aff.

220 2204 247 2234 F
272 2202 370 2236 solus
410 2202 414 2246 Ι
454 2201 658 2247 speluncha
682 2205 709 2235 F
745 2203 758 2246 ΙΙ
794 2205 839 2237 28
879 2200 999 2247 timpa
1032 2203 1119 2247 (my.-
1139 2212 1184 2236 m.
1210 2203 1236 2237 2
1260 2201 1444 2246 timpana)
1468 2204 1496 2234 F
1525 2202 1698 2247 tempora
1719 2205 1749 2235 1)

220 2272 289 2306 my.
310 2272 383 2306 pro
408 2272 490 2296 aar.
517 2261 591 2295 lect.
634 2262 638 2306 1
678 2259 814 2306 pumic.
842 2271 885 2295 ex
910 2259 1036 2306 pimic.
1063 2271 1153 2296 corr.
1179 2263 1206 2293 F
1243 2261 1255 2306 ΙΙ
1296 2264 1340 2295 29
1376 2259 1526 2306 Organa
1555 2259 1749 2295 Eldikiusz

222 2319 321 2365 Ergo
343 2323 367 2354 0
394 2320 616 2364 Plectraque
641 2320 700 2354 uel
720 2318 834 2365 Orgia
856 2319 1035 2354 Heinsius
1060 2318 1142 2355 Illic
1166 2319 1225 2354 uel
1249 2318 1319 2354 Hic
1339 2320 1378 2354 et
1396 2319 1588 2355 Francius
1606 2318 1751 2354 Circum

220 2380 366 2414 Keilius
389 2382 393 2423 Ι
416 2377 553 2424 Nysaei
579 2377 748 2424 (Nusaei)
773 2379 922 2423 scripsi:
950 2389 1139 2414 musarum
1159 2381 1184 2412 0
1204 2379 1410 2424 mystarum
1438 2379 1602 2424 Unyerus
1618 2378 1623 2427 1
1639 2377 1752 2414 cileni

220 2441 250 2472 V
275 2450 319 2473 m.
345 2441 366 2473 1
400 2438 553 2483 (cylleni
583 2450 629 2473 m.
655 2439 696 2483 2)
743 2439 747 2483 Ι
792 2437 936 2484 imago]
961 2442 989 2471 1)
1026 2449 1093 2483 my.
1122 2449 1194 2482 pro
1225 2449 1307 2472 aar.
1341 2437 1415 2473 lect.
1441 2441 1475 2473 et
1498 2440 1528 2471 V
1558 2448 1626 2484 my.
1651 2449 1697 2474 m.
1723 2441 1749 2474 2

221 2497 325 2543 origo
356 2497 368 2542 ΙΙ
399 2501 444 2532 30
470 2507 545 2542 pan
569 2498 700 2542 tegeee
724 2498 755 2529 V
779 2507 824 2531 m.
850 2499 893 2532 2:
919 2507 1016 2541 pane
1042 2497 1173 2542 tegeae
1199 2501 1227 2530 D
1252 2497 1483 2543 pangaeegee
1509 2499 1540 2530 V
1563 2507 1609 2534 m.
1634 2499 1656 2531 1
1681 2507 1748 2541 pa-

219 2558 375 2602 netegee
401 2560 428 2589 F
454 2557 636 2602 pategeae
661 2558 693 2589 N
718 2556 764 2601 (et
788 2557 818 2588 V
843 2566 909 2600 my.
936 2566 981 2591 m.
1008 2557 1048 2598 2)
1079 2557 1092 2601 ΙΙ
1122 2559 1166 2591 31
1202 2567 1284 2592 mea
1309 2566 1397 2591 cura.
1424 2555 1659 2591 Passeratius
1683 2566 1751 2591 sua.

219 2616 331 2652 turba
368 2616 630 2651 Lachmannus
665 2616 678 2660 ΙΙ
714 2619 759 2650 32
794 2626 983 2660 gorgoneo
1008 2619 1035 2648 F
1066 2627 1111 2650 m.
1138 2618 1182 2660 2,
1214 2618 1262 2660 N,
1282 2618 1312 2649 V
1342 2627 1387 2651 m.
1407 2619 1451 2652 2:
1489 2614 1692 2661 gorgonico
1723 2618 1748 2649 0

220 2674 401 2722 gorgonio
428 2685 449 2712 ς
472 2674 477 2721 Ι
499 2674 649 2719 pumica
667 2677 699 2708 Ν
723 2674 907 2720 pu{nica
931 2677 961 2708 V
978 2675 981 2720 ἱ
998 2675 1120 2710 rostra
1143 2678 1171 2708 F
1195 2686 1241 2710 m.
1266 2678 1304 2719 2,
1330 2678 1360 2709 V
1386 2675 1457 2720 (hic
1481 2687 1499 2709 r
1523 2685 1567 2710 ex
1591 2685 1682 2710 corr.
1697 2673 1748 2719 ?):

221 2737 348 2771 nostra
372 2738 400 2768 1>
419 2737 447 2767 F
465 2736 498 2766 N
515 2734 528 2778 ΙΙ
546 2737 590 2768 33
617 2732 844 2779 Diuerseque
863 2738 890 2767 F
917 2733 1110 2782 Diuerseq3
1134 2737 1166 2767 N
1190 2732 1442 2778 Diuorsaeque
1466 2738 1495 2768 D
1514 2736 1560 2777 V,
1587 2733 1748 2777 corre-¹1:⁴53

220 2795 270 2830 Et
294 2793 441 2829 diuersa
465 2802 487 2830 ς
512 2791 786 2838 Dispersaeque
811 2792 1063 2838 (Diuisaeque)
1089 2805 1123 2830 n.
1145 2792 1278 2828 sortito
1303 2803 1385 2828 rure
1405 2791 1647 2839 Fonteiniusl
1668 2791 1750 2828 iura

221 2854 386 2899 Scaliyer
411 2852 424 2897 ΙΙ
449 2855 494 2887 35
521 2851 649 2886 ederas
674 2854 704 2884 V
726 2854 731 2897 ξ
761 2851 815 2898 in]
844 2853 882 2887 et
904 2856 932 2885 D
968 2853 972 2897 Ι
1003 2852 1123 2897 tyrsos
1148 2855 1175 2885 F
1200 2852 1329 2895 thysos
1352 2854 1383 2885 V
1407 2862 1452 2887 m.
1478 2855 1498 2886 1
1529 2853 1534 2897 Ι
1561 2850 1686 2886 uernis
1708 2853 1748 2894 r,

224 2923 315 2949 corr.
341 2922 409 2957 my.
437 2922 480 2946 m.
507 2913 533 2947 2
552 2912 564 2956 [Ι
583 2914 627 2946 36
653 2911 754 2956 Apta
777 2914 809 2944 N
834 2921 878 2945 m.
905 2913 924 2944 1
949 2912 953 2955 Ι
977 2911 1014 2945 et
1037 2914 1082 2945 F:
1112 2911 1152 2945 at
1176 2911 1282 2946 ceteri
