1936 3216
200 186 287 223 VIII
767 184 1153 232 PROLEGOMENA‚

200 310 356 351 poema
374 294 554 350 incipiat
578 294 811 336 indicatum
838 295 906 338 sit.
949 295 1002 337 ad
1028 296 1214 338 aetatem
1240 294 1398 337 codicis
1424 295 1538 349 quod
1563 294 1732 350 attinet,

201 367 375 409 inmane
409 368 617 421 quantum
649 366 896 407 extulerunt
926 366 1102 422 priores.
1159 381 1211 408 ex
1220 365 1397 422 quibus
1429 365 1731 408 Lachmannus

202 440 246 481 et
276 437 586 493 Hertzbergius
619 437 789 479 saeculo
820 435 927 479 XIII
959 436 1191 492 uindicant,
1216 417 1327 509 XII(
1337 437 1407 479 uel
1432 436 1539 479 XIII
1564 436 1730 479 Keilius

204 510 336 563 [obss.
357 509 449 551 crit.
470 524 511 564 p.
531 509 590 562 3]‚
627 508 736 550 nihil
761 508 875 550 enim
901 508 1057 550 certius
1084 523 1211 563 quam
1233 478 1403 550 saeculo
1421 506 1504 550 XV
1523 507 1732 563 scriptum

140 600 154 629 μ
204 595 296 624 esse
329 580 523 623 eundem.
572 579 686 634 quod
712 580 912 621 accurata
937 579 1228 634 disputatione
1253 577 1300 620 L.
1318 577 1555 621 Muellerus
1583 578 1732 634 [praef.

139 639 143 652 ’
202 668 243 708 p.
263 651 488 705 VIII—X]
511 650 719 705 Qstcndit3
751 664 889 705 neque
916 664 1008 706 ego,
1034 651 1102 692 cui
1126 650 1218 705 ipse
1244 649 1376 692 codex
1402 665 1428 691 a
1447 649 1734 693 bibliothecae

152 729 157 741 ²
204 722 567 778 Guelferbytanae
612 721 830 776 praefecto
870 721 1181 763 humanissime
1221 720 1500 763 transmissus
1539 735 1617 776 per
1651 720 1733 764 hos

138 798 149 812 ³·
204 808 374 837 menses
419 793 606 835 aestiuos
645 794 817 847 praesto
860 794 943 847 est,
992 792 1191 835 omnibus
1236 806 1344 848 quae
1381 792 1426 834 in
1468 795 1734 835 momentum

203 866 384 908 ueniunt
414 878 510 907 cum
542 878 644 905 cura
674 863 926 905 deliberatis
960 863 1084 906 aliter
1114 863 1254 905 iudico
1281 878 1409 918 quam
1435 865 1537 919 post
1560 864 1735 907 a.1430

204 938 327 980 illum
365 937 588 979 exaratum
629 949 734 978 esse.
805 936 918 977 certe
961 934 1080 989 ipsae
1122 936 1266 976 cartae
1305 949 1393 977 non
1436 934 1601 991 priores
1646 949 1735 977 sac-

206 1009 302 1052 culo
333 1007 434 1063 XV·
472 1009 516 1050 et
553 1007 765 1062 scriptura
802 1006 883 1048 etsi
916 1005 1057 1047 obiter
1086 1005 1274 1047 intuenti
1313 1005 1530 1061 antiquior
1566 1006 1739 1048 uidetur

206 1094 312 1135 esse,
344 1094 471 1134 saepe
502 1081 650 1120 tamen
680 1077 830 1120 formis
863 1076 1109 1119 litterarum
1139 1076 1321 1119 nouiciis
1353 1076 1564 1119 iuniorem
1594 1075 1740 1132 prodit

208 1153 406 1194 aetatem
437 1164 575 1206 neque
588 1151 735 1191 tamen
748 1148 974 1191 librarium
989 1147 1180 1191 studiose
1194 1148 1413 1191 imitatum
1426 1149 1532 1203 puto
1551 1148 1738 1204 priscam

208 1221 423 1266 scribendi
462 1221 686 1263 rationem
735 1221 905 1262 litterae
945 1220 1056 1262 enim
1096 1220 1285 1262 initiales
1317 1204 1535 1262 coloribus
1567 1219 1740 1274 quidem

207 1292 355 1349 (uiridi
380 1292 564 1334 maxime
597 1294 642 1334 et
671 1292 815 1347 rubro,
849 1292 979 1334 etiam
1005 1290 1218 1348 caeruleo)
1246 1290 1452 1346 depictae,
1482 1304 1570 1333 non
1594 1292 1741 1332 tamen

208 1379 314 1407 auro
353 1363 582 1405 distinctae
620 1365 740 1419 sunt,
782 1378 866 1418 quo
905 1378 981 1418 per
1020 1377 1127 1405 saec.
1158 1361 1241 1404 XV
1271 1361 1515 1404 Florentiae
1554 1361 1740 1404 maxime

211 1435 409 1478 exornari
441 1435 650 1477 solebant.
700 1433 885 1489 dumque
915 1433 1050 1476 totius
1080 1433 1183 1475 libri
1214 1433 1409 1475 habitum
1444 1433 1615 1488 saepius
1641 1447 1740 1476 con-

207 1507 414 1562 templor,
452 1505 497 1547 in
534 1504 788 1547 memoriam
826 1506 1028 1546 reuocata
1065 1507 1132 1546 est
1168 1504 1312 1560 imago
1351 1503 1544 1547 codicum
1575 1504 1742 1560 aliquot

209 1578 255 1620 in
284 1576 416 1619 Italia
446 1576 649 1619 inferiore
682 1575 952 1631 scriptorum.
1008 1575 1054 1616 in
1084 1575 1197 1617 hanc
1229 1575 1388 1631 quippe
1418 1577 1579 1618 terram
1605 1576 1741 1619 serius

210 1649 385 1691 inuecta
410 1649 476 1690 est
502 1661 571 1689 ars
597 1646 674 1688 illa
699 1647 835 1688 libros
862 1646 1097 1689 exornandi
1123 1646 1370 1702 diutiusque
1395 1647 1441 1688 in
1465 1660 1516 1689 ea
1534 1647 1743 1690 remansit

213 1720 460 1762 litteratura
499 1717 733 1774 antiquior,
772 1732 881 1773 quae
919 1717 1163 1760 commixtis
1202 1717 1373 1760 demum
1410 1717 1527 1760 notis
1558 1718 1742 1761 uetustis

211 1807 307 1834 cum
343 1790 589 1833 recentibus
626 1789 838 1844 paulatim
876 1789 938 1831 ibi
976 1789 1106 1831 cessit
1135 1803 1288 1831 nouae.
1321 1789 1330 1803 s
1349 1791 1392 1831 et
1422 1788 1572 1844 quidni
1604 1804 1743 1832 suma-

211 1877 307 1905 mus
339 1861 570 1917 Neapolim
602 1860 735 1903 fuisse
775 1860 963 1915 patriam
1000 1859 1158 1903 codicis
1195 1859 1572 1916 nostri?slegitur
1600 1860 1647 1902 in
1677 1861 1743 1903 ul-

214 1934 322 1976 tima
353 1933 513 1989 pagina
543 1932 699 1974 litteris
733 1946 869 1987 paene
901 1931 1095 1974 euanidis
1129 1931 1202 1974 sed
1234 1931 1422 1986 antiquis
1454 1933 1626 1986 praeter
1658 1932 1743 1974 alia

213 2021 238 2048 a
270 2019 403 2047 manu
434 2004 596 2047 recenti
628 1991 788 2058 scripta
826 2017 984 2045 nomen
1014 2003 1207 2046 Manetti.
1268 2004 1441 2045 constat
1471 2005 1616 2045 autem
1645 2003 1743 2046 Ian·

213 2076 407 2119 noctium
449 2075 633 2118 Manetti
679 2074 853 2117 doctum
898 2089 986 2117 non
1032 2075 1270 2130 ignobilem
1318 2073 1504 2128 Neapoli
1548 2089 1585 2117 a.
1628 2075 1741 2118 1459

214 2148 327 2190 diem
365 2147 525 2190 obiisse
563 2160 823 2201 supremum.
879 2160 1009 2200 porro
1048 2144 1235 2200 Neapoli
1271 2145 1462 2188 codicem
1498 2144 1610 2187 uidit
1645 2160 1742 2188 con-

212 2219 399 2274 tulitque
428 2217 482 2260 N.
514 2217 738 2272 Heinsius,
779 2231 805 2258 a
842 2231 926 2272 quo
965 2216 1037 2258 ille
1068 2215 1349 2271 Neapolitani
1379 2230 1536 2259 nomen
1567 2217 1743 2272 accepit.

213 2291 321 2333 haec
356 2291 499 2332 autem
538 2289 589 2331 de
621 2289 721 2331 libri
752 2295 795 2332 N
826 2290 967 2331 aetate
1006 2288 1218 2330 sententia
1254 2288 1426 2343 egregie
1465 2287 1744 2330 confirmatur

214 2363 386 2404 interno
431 2359 522 2401 eius
563 2359 716 2414 pretio.
785 2358 1003 2401 deriuatus
1045 2360 1111 2400 est
1153 2358 1227 2400 ille
1272 2357 1442 2413 quidem
1485 2373 1536 2400 ex
1579 2357 1746 2401 familia

214 2441 254 2477 A
272 2439 320 2484 F,
346 2430 419 2474 sed
443 2430 651 2472 lectiones
677 2430 804 2472 huius
829 2429 1027 2485 proprias
1052 2443 1189 2484 neque
1214 2429 1398 2471 fideliter
1424 2430 1570 2471 seruat
1594 2428 1743 2471 accitis

216 2503 394 2547 alterius
426 2502 577 2544 classis
604 2501 829 2556 scripturis
856 2500 936 2558 (sic
962 2500 1100 2555 primo
1128 2500 1276 2542 statim
1302 2515 1429 2542 uersu
1453 2501 1558 2555 cepit
1579 2505 1622 2542 N
1647 2514 1744 2542 cum

218 2573 362 2633 (D)V:
398 2574 496 2627 fecit
525 2571 626 2627 AF)
665 2575 726 2628 et,
764 2572 879 2628 quod
910 2571 1088 2628 grauius
1127 2574 1212 2626 cst,
1247 2571 1444 2626 plurimis
1475 2570 1583 2613 loeis
1613 2570 1744 2613 Italo-

215 2662 311 2690 rum
337 2646 602 2688 correcturas
628 2644 802 2699 recepit,
827 2658 915 2686 non
942 2642 1157 2698 aequabili
1183 2641 1226 2683 id
1252 2642 1421 2697 quidem
1447 2641 1587 2683 studio
1613 2644 1744 2696 utque

217 2717 358 2774 magis
379 2716 569 2772 eligeret,
596 2715 734 2770 siquid
760 2715 869 2757 bene
895 2714 935 2756 ei
954 2715 1169 2755 mutatum
1188 2712 1414 2755 uideretur.
1457 2725 1596 2767 neque
1616 2712 1745 2768 enim,

217 2791 266 2832 ut
291 2789 373 2831 hoc
399 2786 593 2841 adiciam,
623 2786 669 2827 in
703 2786 779 2828 illa
806 2786 974 2828 critices
1005 2784 1190 2827 infantia
1222 2783 1453 2838 quidquam
1477 2783 1611 2825 habet
1634 2783 1746 2839 miri,

219 2860 333 2917 quod
371 2873 469 2901 cum
508 2857 646 2898 multa
683 2856 792 2898 uitia
830 2856 1051 2898 demerent
1083 2855 1167 2898 alia
1198 2856 1317 2898 mille
1347 2853 1649 2909 relinquebant
1684 2853 1744 2895 in-

220 2933 354 2986 tacta3
408 2930 451 2971 et
499 2928 545 2970 in
594 2927 792 2970 omnibus
841 2927 964 2970 libris
1015 2926 1288 2982 interpolatis
1330 2926 1412 2968 hoc
1454 2939 1536 2967 usu
1577 2923 1746 2968 uenisse
