1898 3190
237 165 293 206 96
686 162 945 198 PROPERTII
970 164 1058 198 ΜΒ.
1087 164 1130 198 11.
1156 167 1212 199 32.
1242 168 1299 200 33.

357 268 418 309 At
449 283 544 310 eum
577 268 853 312 Deucalionis
886 285 1022 325 aquae
1052 271 1211 313 fluxere
1243 287 1319 326 per
1351 274 1517 326 orbem,

416 339 476 380 Et
506 342 606 393 post
638 341 803 395 antiqui
834 340 1111 384 Deucalionis
1143 357 1295 398 aquas,

295 419 338 450 55
354 408 434 450 Die
465 409 588 464 mihi,
620 411 716 465 quis
748 412 891 466 potuit
922 413 1081 455 lectum
1113 428 1283 455 seruare
1314 413 1535 469 pudicum,

417 479 535 529 Quae
566 479 646 522 dea
677 496 773 524 eum
805 483 898 524 solo
932 484 1078 525 uiuere
1111 484 1203 526 sola
1235 484 1343 527 deo?

356 550 546 593 Uxorem
578 553 792 607 quondam
825 555 972 609 magni
1003 554 1183 609 Minois,
1213 557 1262 597 ut
1295 557 1433 611 aiunt,

416 621 621 678 Corrupilz
650 624 766 666 torui
798 624 978 666 eandida
1009 625 1149 667 forma
1180 626 1325 681 bouis;

355 692 447 735 Nee
478 694 619 735 minus
652 697 799 737 aerato
830 695 981 737 Danae
1014 696 1276 738 circumdata
1307 712 1429 740 muro

297 775 342 806 60
416 763 516 806 Non
547 766 694 820 potuit
726 780 883 822 magno
917 768 1036 808 easta
1066 780 1225 822 negare
1256 766 1362 809 Ioui.

356 834 478 884 Quod
511 836 547 877 si
577 838 626 877 tu
658 835 811 878 Graias
844 851 888 878 es
919 839 1050 891 euque
1082 837 1254 879 imilzassa
1284 837 1482 894 Latinas,

416 905 595 962 Semper
626 908 723 950 uiue
755 922 850 950 meo
882 909 1018 950 libera
1048 908 1220 951 iudicio.

887 1219 1104 1267 XXXIII.

352 1331 515 1374 Tristia
546 1333 634 1375 iam
665 1335 844 1377 redeunt
873 1336 1031 1378 iterum
1063 1337 1290 1378 sollemnia
1321 1336 1464 1378 nobis:

414 1401 605 1458 Cynthia
635 1405 723 1447 iam
753 1409 903 1448 noctes
935 1410 1001 1449 est
1032 1411 1212 1462 operata
1243 1407 1399 1449 decem.

353 1473 496 1529 Atque
529 1476 698 1518 utinam
730 1480 894 1532 pereat,
926 1477 1029 1520 Nilo
1062 1492 1171 1533 quae
1204 1493 1326 1519 saera
1354 1480 1529 1532 tepente

411 1545 534 1587 Misit
565 1549 775 1589 matronis
807 1548 980 1590 Inachis
1012 1548 1236 1591 Ausoniis!

317 1626 337 1656 5
353 1614 470 1664 Quae
502 1617 580 1658 dea
611 1620 703 1659 tam
735 1619 912 1674 cupidos
945 1619 1104 1661 totiens
1137 1619 1285 1661 diuisit
1317 1618 1539 1661 amanlzes‘?

415 1687 695 1744 Quacumque
728 1691 804 1732 illa
836 1690 934 1746 fuit,
967 1705 1136 1745 semper
1167 1705 1312 1732 amara
1342 1690 1434 1732 fuit.

337 1757 415 1800 Tu
449 1762 563 1801 certe
594 1759 713 1802 Iouis
746 1761 926 1803 occultis
952 1762 997 1803 in
1028 1761 1264 1817 amoribus,
1294 1760 1362 1815 Io,

412 1827 612 1885 sensisti,
643 1832 803 1874 multas
837 1831 937 1887 quid
970 1832 1028 1873 sit
1058 1833 1167 1874 inire
1198 1833 1309 1884 uias,

352 1898 459 1941 Cum
491 1903 534 1942 te
566 1902 694 1944 iussit]
724 1902 884 1945 habere
915 1903 1104 1957 puellam
1135 1918 1294 1945 cornua
1325 1903 1432 1946 Iuno

294 1982 335 2013 10
410 1971 470 2013 Et
500 1974 667 2027 peeoris
699 1974 805 2016 duro
836 1975 1014 2029 perdere
1045 1975 1179 2016 uerba
1211 1989 1328 2016 sono.

351 2043 390 2084 A
423 2045 619 2097 quotiens
652 2045 823 2100 quernis
854 2045 1018 2087 laesisti
1048 2045 1271 2087 frondibus
1305 2061 1395 2099 ora,

329 2231 416 2266 VAB.
444 2243 544 2267 ηοω.
613 2236 656 2266 53
696 2234 745 2267 At
778 2233 950 2277 Vulpius:
983 2233 1033 2268 Et
1059 2235 1083 2266 0
1110 2233 1182 2268 Sed
1215 2232 1477 2268 Valckenarius
1516 2234 1521 2278 Ι
1562 2233 1689 2268 orbem
1713 2244 1757 2268 ea:

232 2290 360 2325 urbem
385 2301 477 2327 corr.
503 2294 534 2324 H
553 2292 564 2337 ΙΙ
583 2295 628 2326 54
655 2291 800 2336 antiqui
827 2292 1091 2326 Marklandus:
1120 2291 1292 2336 antiquas
1313 2294 1337 2325 0
1356 2292 1368 2336 ΙΙ
1388 2295 1431 2326 59
1457 2291 1554 2327 dane
1578 2294 1610 2325 Π
1633 2291 1755 2327 danne

231 2353 258 2382 D
279 2352 308 2382 V
344 2350 357 2394 ΙΙ
394 2353 436 2384 61
477 2360 515 2385 es
539 2350 655 2394 tuque
681 2361 759 2395 eqo:
785 2351 898 2394 tuque
926 2361 964 2385 es
989 2354 1015 2383 F
1034 2353 1066 2384 N
1091 2350 1169 2386 siue
1195 2362 1234 2386 es
1257 2355 1286 2384 1>
1305 2353 1335 2383 V
1365 2351 1480 2395 tuque
1509 2360 1549 2385 es
1572 2349 1708 2385 mirata
1732 2360 1754 2387 ς

231 2407 456 2443 Schraderus
483 2419 547 2443 seu
572 2409 622 2444 sis
642 2409 847 2444 Beroaldus
873 2420 1007 2454 aeques
1034 2410 1054 2445 i.
1084 2409 1219 2444 Latina
1243 2409 1505 2444 Lachmannus
1529 2409 1753 2454 (sa-equesque

231 2466 275 2502 L.
305 2467 524 2513 Muellerus)
547 2471 552 2512 Ι
574 2468 710 2504 latinos
736 2471 767 2502 N
784 2468 797 2513 ΙΙ
817 2472 859 2503 62
885 2469 951 2503 tuo
977 2468 1237 2503 Laehmarmus

373 2538 540 2573 XXXIII.
601 2539 714 2574 Noua
745 2539 858 2584 eleyia
888 2540 929 2574 in
956 2542 979 2573 0
1019 2540 1201 2584 (adhaeret
1231 2539 1413 2583 superiori
1441 2538 1484 2573 iu
1507 2540 1570 2583 Π),
1604 2537 1653 2572 ad
1677 2539 1753 2572 ein—

230 2596 348 2631 thiam
374 2601 402 2630 F
428 2598 472 2632 de
499 2598 653 2642 cynthia
677 2603 705 2633 1)
724 2601 754 2632 V
779 2599 986 2633 inscribunt
1021 2599 1034 2643 ΙΙ
1077 2602 1093 2632 1
1140 2597 1324 2643 eollepnia
1348 2601 1379 2632 R
1404 2597 1585 2633 solemnia
1609 2600 1634 2631 0
1676 2598 1690 2642 ΙΙ
1730 2601 1751 2631 3

230 2656 386 2700 pereant
410 2659 441 2690 N
472 2658 484 2702 ΙΙ
516 2661 537 2691 4
563 2657 706 2692 inachis
731 2660 760 2691 V
785 2669 830 2692 m.
857 2661 899 2693 2:
926 2657 1092 2702 ynachus
1119 2657 1146 2701 (i
1169 2668 1283 2702 supra
1308 2669 1332 2691 u
1356 2668 1401 2692 m.
1427 2658 1467 2699 2)
1491 2659 1520 2689 F
1543 2655 1698 2691 inachus
1722 2659 1751 2689 Β

230 2714 356 2750 inacus
375 2718 405 2748 V
430 2716 546 2750 inaeis
571 2720 602 2749 N
617 2717 626 2762 Η
642 2720 662 2751 5
682 2717 758 2752 iam
779 2717 1012 2752 Passeratius
1025 2716 1036 2763 Η
1050 2721 1070 2751 6
1091 2716 1351 2760 Quaecumque
1371 2718 1413 2759 0,
1439 2715 1596 2759 correoei3
1617 2714 1751 2757 Quaen.

229 2773 321 2808 facit
339 2794 383 2799 —
403 2774 495 2809 facit
520 2774 782 2810 Lachmannus
807 2775 1047 2819 Quocumque
1072 2775 1094 2811 i.
1121 2775 1282 2810 uenit—
1295 2774 1400 2810 uenit
1425 2773 1717 2810 Sandsvroemius
1739 2773 1752 2819 ΙΙ

231 2837 250 2868 ’1
277 2831 411 2867 oeullzis
435 2836 462 2866 Ε
481 2836 513 2866 N
531 2833 543 2878 ΙΙ
562 2837 582 2868 8
611 2833 765 2869 illicitas
791 2835 848 2869 uel
872 2834 1007 2870 uetitas
1033 2834 1254 2869 Fontei-nius
1271 2835 1283 2879 fl
1303 2837 1323 2868 9
1348 2835 1386 2868 te
1411 2832 1495 2868 hab.
1521 2832 1609 2867 iuss.
1635 2831 1748 2877 puell.

229 2895 257 2924 D
283 2894 320 2926 te
345 2891 431 2927 iuss.
457 2893 569 2936 puell.
597 2893 682 2927 hab.
708 2896 735 2925 F
758 2893 761 2938 Ι
785 2892 893 2938 Iuno]
919 2893 1032 2928 humo
1058 2893 1119 2937 11ss
1142 2898 1180 2927 11
1208 2892 1267 2927 Ha
1290 2895 1318 2925 12
1342 2892 1402 2926 Ah
1427 2892 1533 2926 ceteri
