1898 3190
616 173 879 211 PROPERTII
902 172 992 208 LIB.
1018 172 1064 208 II.
1090 175 1148 207 25.
1173 174 1230 207 26.
1624 167 1676 208 81

335 283 520 325 Vidistis
550 282 714 325 fuscas:
746 282 882 324 dulcis
912 284 1091 336 uterque
1122 280 1257 335 color;

277 353 459 396 Vidistis
490 353 703 409 quandam
734 352 945 409 Argiuam
975 351 1182 407 prodente
1213 350 1372 405 figura,

334 424 518 466 Vidistis
548 426 739 466 nostras:
769 426 951 478 utraque
980 422 1122 464 forma
1153 421 1284 475 rapit;

216 506 262 538 45
274 495 440 550 Illa‘que
471 495 638 549 plebeio
670 495 740 536 uel
771 494 829 536 sit
859 493 1047 535 sandicis
1079 492 1260 533 amictu:

334 566 453 608 Haec
485 569 614 620 atque
645 565 722 607 illa
751 565 856 606 mali
886 564 1078 606 uulneris
1110 577 1197 604 una
1227 561 1300 602 uia
1331 562 1407 602 est.

278 636 388 680 Cum
419 637 525 679 satis
556 651 645 678 una
675 636 763 678 tuis
792 635 1009 677 insomnia
1037 635 1183 689 portet
1213 631 1380 686 ocellis,

334 706 434 750 Una
463 708 521 749 sit
551 710 595 750 et
624 707 761 749 cuiuis
790 706 954 748 femina
983 720 1085 748 cura
1116 719 1206 746 sua.

835 1050 1005 1099 XXVI.

274 1166 376 1211 Vidi
406 1170 450 1210 te
480 1168 524 1210 in
557 1168 718 1210 somnis
748 1168 906 1222 fracta,
936 1181 1033 1209 mea
1062 1167 1173 1221 uita,
1204 1165 1351 1207 carina

333 1238 456 1281 Ionio
487 1239 626 1281 lassas
657 1239 811 1281 ducere
841 1253 937 1280 rore
968 1252 1141 1291 manus,

277 1309 339 1351 Et
368 1324 659 1366 quaecumque
690 1311 735 1352 in
765 1324 834 1352 me
865 1309 1008 1351 fueras
1039 1308 1223 1350 mentita.
1253 1307 1398 1360 fateri,

334 1379 427 1423 Nec
457 1382 543 1423 iam
573 1381 751 1424 humore
783 1394 937 1437 graues
968 1380 1121 1422 tollere
1151 1393 1279 1434 posse
1311 1393 1475 1432 comas,

241 1451 453 1501 5Qualem
484 1453 710 1507 purpureis
742 1452 949 1508 agitatam
979 1450 1179 1493 fluctibus
1212 1449 1385 1503 Hellen,

336 1523 480 1566 Aurea
510 1538 642 1579 quam
671 1523 793 1565 molli
824 1525 994 1578 tergore
1024 1521 1144 1563 uexit
1173 1522 1279 1563 ouis.

278 1593 417 1644 Quam
447 1595 595 1649 timui,
625 1604 679 1636 ne
709 1595 821 1636 forte
851 1597 975 1636 tuum
1006 1608 1124 1635 mate
1154 1606 1313 1634 nomen
1342 1591 1523 1634 haberet

336 1664 479 1720 Teque
509 1668 586 1707 tua
615 1665 766 1707 labens
796 1664 946 1707 nauita
975 1663 1099 1706 fieret
1129 1663 1256 1719 aqua!

277 1734 395 1785 Quae
431 1737 526 1778 tum
563 1749 642 1791 ego
674 1734 895 1790 Neptuno,
933 1749 1042 1790 quae
1083 1736 1175 1776 tum
1206 1749 1303 1776 cum
1335 1731 1514 1776 Castore
1543 1733 1682 1789 fratri,

219 1816 264 1847 10
336 1804 536 1862 Quaeque
566 1807 647 1849 tibi
678 1807 841 1862 excepi,
871 1806 959 1848 iam
990 1806 1070 1848 dea
1100 1804 1362 1848 Leucothoe!

256 2005 348 2040 Vn.
374 2017 472 2041 Luc-r.
539 2009 584 2040 42
628 2005 752 2040 fuscas
789 2005 1058 2040 Marklandus:
1095 2005 1200 2040 fusco
1232 2007 1257 2038 0
1283 2005 1440 2049 (fuscam
1465 2007 1603 2042 mauolt
1636 2007 1681 2042 L.

163 2064 382 2107 Muellerus,
407 2068 446 2099 at
470 2064 516 2107 cf.
542 2075 577 2099 u.
603 2065 664 2107 44)
695 2066 700 2109 Ι
722 2063 841 2099 dulcis
866 2067 908 2098 0:
935 2063 1038 2099 ducit
1061 2067 1093 2097 Η
1115 2066 1128 2109 fl
1155 2068 1199 2099 43
1224 2064 1386 2109 quadam
1410 2068 1441 2098 Π
1469 2066 1475 2108 1
1501 2065 1683 2110 Argiuam

160 2124 308 2168 scripsi:
334 2124 465 2169 argina
489 2127 515 2157 0
561 2126 566 2168 1
604 2124 786 2169 prodente
810 2128 838 2157 D
857 2127 885 2157 Ε·
910 2127 943 2158 et
967 2124 1119 2167 fortasse
1142 2126 1173 2157 V
1205 2134 1251 2159 m.
1277 2127 1316 2158 1:
1348 2123 1495 2168 prodire
1520 2127 1548 2157 P
1572 2136 1618 2159 m.
1643 2128 1683 2169 2,

160 2185 194 2217 1
217 2185 251 2218 et
272 2185 304 2216 V
340 2183 412 2228 (hic
435 2184 490 2218 ita
513 2186 555 2217 ut
578 2182 632 2218 ire
657 2194 701 2218 ex
737 2186 942 2218 correctura
973 2183 1145 2218 uideatur
1174 2184 1259 2227 esse)
1300 2184 1314 2227 11
1354 2186 1401 2217 44
1436 2184 1600 2218 nostrate
1625 2185 1684 2218 uel

160 2243 289 2276 nostra.
311 2241 542 2277 Passeratius
577 2242 591 2287 Ι
615 2245 665 2277 45
691 2242 833 2286 Illaque
857 2253 946 2277 num
970 2246 1105 2277 rectum
1122 2241 1143 2276 ,9
1171 2243 1178 2287 1
1206 2242 1255 2276 sit
1277 2245 1305 2275 r
1330 2253 1374 2276 m.
1402 2245 1446 2285 2,
1470 2245 1518 2277 11:
1544 2242 1596 2277 sic
1622 2246 1647 2276 0
1676 2243 1679 2288 1

162 2299 324 2335 candicis
350 2300 383 2344 (s
406 2310 522 2344 supra
547 2312 591 2335 ca
614 2312 659 2335 m.
686 2303 726 2345 2)
751 2304 779 2334 F
810 2300 982 2346 sandycis
1006 2305 1035 2334 D
1067 2300 1233 2346 sandyris
1259 2302 1292 2345 (c
1316 2312 1433 2346 supra
1457 2313 1475 2335 r
1498 2313 1543 2336 m.
1569 2303 1609 2345 2)
1634 2304 1682 2345 V3

160 2358 354 2404 bombycis
379 2358 644 2393 Heimreichius
667 2360 681 2404 11
704 2362 749 2394 48
782 2359 922 2395 femina
945 2371 1035 2394 cura
1058 2370 1125 2395 sua
1147 2361 1282 2404 scripsi
1307 2355 1420 2395 Misc
1444 2360 1532 2395 Crit.
1554 2372 1593 2405 p.
1620 2365 1682 2395 93:

161 2416 301 2452 femina
323 2417 446 2452 multa
468 2418 570 2452 mala
594 2420 637 2461 0,
662 2429 732 2463 quo
756 2421 890 2454 retento
914 2418 998 2454 Una
1021 2418 1088 2454 dat
1112 2419 1152 2454 et
1173 2418 1416 2454 Burmannus
1439 2420 1622 2454 inutiliter

256 2487 388 2523 XXVI.
438 2487 552 2523 Noua
576 2489 689 2533 eleyia
713 2499 793 2523 cum
818 2489 924 2524 titulo
949 2488 1188 2534 som(p)nium
1215 2489 1261 2524 de
1281 2489 1402 2524 amica
1419 2490 1461 2524 in
1480 2492 1505 2523 0
1524 2490 1536 2534 11
1557 2494 1574 2523 1
1595 2489 1683 2524 Vidi

162 2547 217 2591 te]
241 2550 275 2582 et
297 2547 339 2582 in
363 2550 392 2580 r
416 2550 449 2581 et
472 2548 514 2581 in
537 2549 568 2580 V
592 2558 662 2592 ego
687 2547 862 2582 insertum
883 2559 930 2583 m.
955 2552 976 2582 1
1003 2549 1083 2592 (sic)
1107 2559 1223 2593 supra
1247 2549 1378 2583 lineam
1414 2550 1427 2593 11
1457 2553 1478 2583 2
1503 2550 1629 2594 lapsas
1653 2552 1683 2582 V

161 2609 259 2642 n-'2
289 2607 303 2651 1
332 2609 353 2641 3
378 2605 492 2641 fueris
516 2609 544 2639 P
568 2617 613 2640 m.
639 2609 660 2640 1
692 2606 706 2650 fl
736 2610 757 2640 5
782 2605 995 2652 agitaui1',
1020 2618 1111 2643 corr.
1138 2618 1206 2652 my.
1231 2618 1277 2641 m.
1302 2610 1328 2642 2
1358 2607 1417 2652 116
1443 2608 1571 2654 quam]
1598 2620 1680 2643 cum

163 2664 342 2700 Heinsius
365 2665 506 2708 (melius
529 2665 656 2709 quom)
674 2665 688 2709 11
707 2668 726 2699 7
753 2664 835 2707 Qua
863 2667 932 2701 tufi
955 2669 984 2700 r
1009 2667 1060 2711 (q3
1085 2667 1242 2700 inseruit
1265 2677 1310 2702 m.
1337 2669 1362 2701 2
1395 2667 1583 2711 eademque
1613 2678 1680 2711 my.

163 2721 283 2765 Quum
304 2722 460 2768 timui„
485 2727 506 2758 8
533 2723 658 2768 Teque
683 2723 878 2759 Heinsius:
902 2725 1026 2770 Atque
1051 2728 1094 2768 ⁰3
1121 2729 1272 2760 ceterum
1299 2730 1318 2760 7
1344 2729 1378 2760 et
1402 2729 1423 2760 8
1448 2729 1532 2760 ante
1556 2730 1577 2760 5
1604 2730 1635 2760 et
1660 2730 1681 2760 6

158 2782 254 2826 pom·
269 2782 389 2817 uoluit
406 2782 648 2818 Burmannus
665 2784 679 2827 fl
697 2786 718 2817 9
745 2782 861 2825 Quem
882 2804 926 2808 -
946 2794 1056 2827 quem
1075 2788 1104 2817 1)
1118 2787 1148 2817 V
1173 2785 1228 2828 (in
1245 2785 1310 2819 hoc
1329 2785 1480 2819 alterum
1506 2795 1617 2828 quem
1642 2785 1682 2818 in

164 2850 236 2888 que
260 2851 353 2876 corr.
378 2853 423 2877 m.
448 2843 508 2886 2).
530 2845 536 2885 1
574 2841 699 2886 fratri]
724 2840 814 2876 ferri
837 2845 865 2875 1²
901 2843 915 2886 fl
951 2845 995 2876 10
1020 2841 1211 2886 Quemque
1235 2847 1283 2885 ὓς
1314 2843 1415 2885 Quae
1441 2842 1511 2876 tibi
1537 2841 1682 2887 suscepi

165 2898 341 2934 Heinsius
356 2899 362 2946 1
378 2899 470 2945 iam]
495 2901 575 2934 turn
588 2899 793 2934 Beroaldus
809 2900 813 2946 ζ
830 2900 1026 2936 leucothoe
1046 2904 1071 2934 0
1092 2901 1224 2945 (leuch.
1245 2902 1309 2946 10:
1335 2901 1547 2936 Leucothea
1572 2901 1682 2946 uulqo

235 2964 447 2992 horn-nus.
524 2981 525 2986 ,
1378 2963 1398 2994 6
