1898 3190
686 157 951 194 PROPERTII
973 157 1064 195 LIB.
1089 157 1153 193 IV.
1177 161 1212 194 9.
1634 155 1718 198 189

306 266 561 309 Audistisne
592 266 799 322 aliquem,
827 268 952 322 tergo
984 266 1059 322 qui
1090 265 1267 308 sustulit
1298 264 1476 307 orbem?

365 337 447 379 Ille
478 351 559 393 ego
592 352 704 379 sum:
735 337 932 379 Alcidem
962 329 1080 379 terra
1108 338 1283 391 recepta
1312 338 1452 378 uocat.

307 408 413 459 Quis
443 408 562 450 facta
591 407 828 450 Herculeae
857 422 947 450 non
978 407 1100 449 audit
1129 407 1261 450 fortia
1292 407 1440 449 clauae

249 490 296 523 4ο
366 479 427 521 Et
457 493 691 533 numquam
724 478 779 521 ad
808 493 970 521 nocuas
1000 478 1124 520 irrita
1153 478 1242 520 tela
1270 477 1405 532 feras,

306 550 452 606 Atque
483 550 558 592 uni
590 549 766 605 Stygias
796 549 962 618 homini
992 549 1153 591 luxisse
1183 548 1417 590 tenebras?

308 692 433 743 Quod
465 693 503 734 si
530 691 689 735 Iunoni
720 707 888 735 sacrum
918 691 1118 735 faceretis
1150 706 1341 747 amarae,

365 763 467 807 Non
497 764 723 806 clausisset
753 778 887 820 aquas
917 763 1013 819 ipsa
1042 778 1232 806 nouerca
1262 777 1376 805 suas,

247 846 294 878 45
309 834 388 878 Sin
418 835 609 890 aliquam
640 835 872 891 uultusque
905 848 1025 877 meus
1058 837 1286 890 saetaeque
1316 833 1454 876 leonis

369 905 550 948 Ten-ent
580 908 626 948 et
655 905 819 961 Libyco
851 906 941 948 sole
970 907 1148 960 perusta
1178 920 1320 960 coma,

308 976 430 1020 Idem
461 990 542 1033 ego
573 975 750 1019 Sidonia
780 976 863 1019 feci
893 977 1067 1019 seruilia
1097 977 1218 1031 palla

370 1047 526 1091 Officia
557 1050 602 1090 et
631 1047 752 1103 Lydo
783 1062 919 1103 pensa
950 1047 1103 1090 diurna
1133 1047 1246 1100 colo,

310 1119 457 1163 Mollis
488 1122 532 1161 et
559 1119 775 1161 hirsutum
807 1118 923 1173 cepit
952 1117 1059 1159 mihi
1088 1117 1226 1160 fascia
1255 1119 1425 1172 pectus,

251 1201 298 1233 50
368 1190 429 1232 Et
459 1190 659 1233 manibus
691 1189 810 1232 duris
842 1191 945 1244 apta
975 1188 1124 1243 puella
1154 1187 1247 1231 fui?

311 1260 490 1303 Talibus
521 1260 715 1303 Alcides:
748 1263 795 1303 at
822 1260 986 1303 talibus
1018 1260 1135 1302 alma
1166 1259 1384 1314 sacerdos,

369 1332 559 1375 Puniceo
590 1347 721 1375 canas
754 1332 940 1374 stamine
971 1331 1119 1374 uincta
1151 1346 1309 1373 comas.

311 1402 460 1453 *Parce
491 1404 649 1459 oculis,
679 1403 857 1459 hospes,
886 1403 1067 1458 lucoque
1099 1401 1278 1444 abscede
1310 1401 1516 1444 uerendo:

370 1473 484 1516 Cede
516 1474 717 1530 agedum,
749 1476 793 1516 et
822 1476 918 1515 tuta
947 1474 1099 1515 limina
1129 1473 1274 1529 linque
1305 1472 1421 1528 fuga.

252 1544 549 1587 551nterdicta
578 1545 683 1587 uiris
715 1545 943 1587 metuenda
974 1545 1069 1600 lege
1099 1544 1263 1599 piatur,

371 1615 489 1665 Quae
521 1631 566 1658 se
601 1619 817 1658 summota
847 1616 1039 1675 uindicat
1069 1630 1144 1657 ara
1174 1629 1286 1657 casa.

311 1685 475 1743 Magno
506 1687 695 1730 'Pil‘esias
727 1687 895 1742 aspexit
924 1686 1104 1729 Pallada
1133 1688 1274 1741 uates,

371 1757 519 1800 Fortia
550 1759 652 1800 dum
682 1758 827 1813 posita
858 1757 1059 1814 Gorgone
1090 1758 1285 1800 membra
1315 1757 1448 1799 lauat.

311 1827 369 1870 Di
398 1829 481 1870 tibi
510 1829 613 1871 dent
644 1829 752 1871 alios
783 1829 944 1871 fontes:
974 1829 1080 1870 haec
1110 1828 1289 1884 lympha
1318 1827 1476 1883 puellis

255 1910 303 1942 60
373 1899 490 1942 Auia
521 1901 673 1942 secreti
702 1899 856 1942 limitis
887 1914 973 1941 una
1002 1898 1114 1941 fuit?

292 2063 384 2100 Vn.
409 2077 509 2100 Lac-r.
559 2068 604 2100 37
630 2064 844 2100 substulitr
894 2067 938 2099 38
958 2063 1079 2099 alcide
1098 2067 1126 2097 Ὲ
1138 2066 1171 2097 Ιῐ
1183 2066 1213 2096 V
1232 2062 1353 2098 alcide
1366 2067 1395 2096 1)
1414 2062 1571 2099 Alciden
1590 2064 1720 2109 uulyo{

196 2124 370 2169 suscepta
392 2125 519 2169 11140
543 2134 680 2159 nocuas
705 2123 924 2158 Santenius:
958 2134 1097 2158 uacuas
1120 2127 1150 2156 1)
1169 2125 1200 2156 V
1223 2123 1331 2157 natas
1354 2125 1383 2155 F
1408 2124 1516 2158 natas
1541 2127 1573 2158 Π
1597 2124 1723 2159 uastas

195 2185 230 2223 ‚et
252 2184 362 2218 notas
386 2193 409 2220 ς
444 2184 458 2228 Β
493 2187 538 2218 41
563 2182 644 2229 uni]
670 2195 734 2217 mu
758 2186 786 2216 Ε
811 2193 855 2218 m.
881 2186 902 2217 1
926 2185 931 2227 Ι
953 2181 1085 2227 stigias
1108 2185 1137 2215 r
1155 2185 1187 2215 n
1223 2182 1236 2226 ΙΙ
1272 2184 1317 2216 42
1342 2181 1396 2216 sic
1420 2184 1463 2216 0:
1488 2182 1639 2227 Accipit
1662 2180 1725 2216 hie

195 2241 281 2286 (hec
303 2245 333 2275 r
356 2253 401 2277 m.
427 2243 470 2286 2,
494 2244 526 2274 V
549 2253 596 2278 m.
621 2245 647 2278 2
673 2243 712 2277 et
735 2244 780 2286 Π)
807 2241 905 2276 fesso
930 2240 1029 2286 (sexo
1053 2242 1095 2284 Β)
1127 2239 1190 2275 uix
1214 2240 1309 2275 mihi
1333 2242 1434 2276 terra
1463 2242 1587 2286 patet,
1620 2252 1723 2287 quem

196 2312 235 2336 u.
259 2311 305 2336 ea:
327 2311 365 2336 u.
393 2304 437 2335 66
464 2300 618 2335 lacunae
640 2301 865 2345 supplendae
889 2311 1002 2335 causa
1025 2301 1285 2345 interpolatum
1309 2311 1381 2335 esse
1410 2301 1586 2336 uiderunt
1610 2301 1726 2344 Ita1i3

196 2359 366 2406 Accipite
384 2369 419 2403 ς;
450 2358 613 2394 Jacobus
632 2358 782 2402 (Philol.
801 2359 834 2394 II
854 2360 937 2404 452)
955 2359 1099 2404 supplet
1119 2358 1258 2394 Oceani
1281 2359 1445 2394 tumidas
1466 2371 1535 2395 nec
1553 2359 1724 2395 timuisse

197 2418 336 2464 minas,
354 2430 418 2454 uu.
432 2422 477 2454 65
490 2421 523 2453 et
536 2421 581 2452 66
598 2421 682 2462 post
700 2421 745 2452 42
757 2428 951 2464 reuocans,
970 2421 1061 2453 recte
1075 2421 1167 2463 puto
1184 2419 1198 2464 fl
1216 2422 1261 2453 43
1282 2418 1427 2461 Quodr
1440 2422 1490 2454 R:
1517 2418 1614 2461 Quid
1626 2424 1655 2453 D
1669 2422 1699 2453 V
1712 2420 1724 2465 ΙΙ

197 2481 246 2513 44
258 2476 466 2522 clausisset]
483 2480 574 2521 puto
587 2477 754 2511 clausum
767 2477 839 2512 iret
855 2478 868 2522 ΙΙ
886 2481 931 2512 45
944 2475 1110 2522 aliquam
1122 2481 1167 2511 P:
1187 2477 1351 2522 aliquem
1364 2481 1469 2512 BEV
1491 2478 1496 2524 Ι
1517 2477 1631 2514 libico
1644 2482 1683 2522 P,
1693 2481 1724 2511 V

197 2548 244 2573 m.
268 2539 290 2571 1
315 2535 441 2582 lybico
466 2539 498 2569 11
519 2538 525 2580 Ι
547 2536 668 2580 coma]
694 2535 789 2571 cutis
815 2535 1053 2580 Fonteinius3
1078 2537 1239 2572 conicias
1263 2548 1358 2582 gena
1399 2538 1413 2582 ΙΙ
1454 2541 1500 2572 47
1526 2537 1671 2572 sinonia
1694 2541 1723 2570 r

198 2595 369 2641 symonia
391 2598 423 2628 11
444 2595 449 2638 Ι
470 2594 559 2640 pala
582 2598 612 2628 V
636 2607 681 2630 m.
706 2598 728 2630 1
747 2596 761 2639 Ι
778 2598 825 2630 48
849 2595 926 2631 lido
950 2599 979 2629 r
996 2599 1029 2629 B
1049 2597 1056 2641 Ι
1077 2596 1159 2631 colo
1183 2599 1212 2629 12
1229 2599 1261 2630 B
1286 2597 1331 2640 (V
1356 2598 1479 2640 corr.):
1505 2596 1603 2631 collo
1620 2601 1649 2630 1)
1662 2599 1694 2629 V
1711 2597 1724 2642 15

199 2657 246 2689 49
265 2653 424 2689 irsutum
442 2657 470 2687 F
489 2653 654 2688 hisutum
672 2656 703 2687 V
720 2657 801 2688 m.1
820 2654 834 2698 Ι
851 2658 895 2689 51
916 2654 964 2690 ad
982 2658 1010 2688 P
1028 2666 1073 2690 m.
1092 2655 1210 2700 1152
1230 2654 1358 2690 uineta
1375 2659 1420 2690 r:
1439 2655 1567 2690 iuncta
1584 2656 1724 2700 ΒΠἿΗ

200 2715 247 2747 54
270 2712 446 2748 liminaV
470 2723 574 2757 corr„
599 2715 647 2748 R:
672 2712 816 2748 lumina
840 2716 865 2747 0
887 2714 893 2756 Ι
914 2713 1041 2758 linque
1066 2724 1133 2748 om.
1158 2717 1205 2758 1²,
1230 2714 1315 2749 add.
1340 2724 1407 2759 my.
1435 2725 1480 2748 m.
1500 2717 1526 2748 2
1545 2714 1558 2757 Ι
1575 2716 1622 2747 56
1643 2713 1725 2755 Qua

200 2773 240 2815 (a
263 2783 308 2807 ex
332 2773 439 2817 corr.)
464 2774 495 2805 V
516 2773 522 2816 Ι
543 2771 698 2807 undicat
714 2774 746 2805 Π
763 2772 777 2816 fl
794 2776 839 2807 57
864 2772 1003 2817 Magno
1024 2771 1275 2808 Passeratius:
1300 2772 1474 2817 Magnam
1495 2775 1520 2805 0
1543 2772 1548 2815 Ι
1569 2771 1725 2815 tyresias

200 2833 233 2864 Π
249 2831 264 2876 Ι
282 2833 327 2866 59
352 2830 415 2865 Dii
438 2836 468 2866 1)
487 2833 517 2863 V
534 2832 548 2875 fl
567 2835 612 2866 60
636 2830 749 2877 Auia]
775 2843 800 2866 u
824 2841 916 2866 corr.
940 2842 987 2867 m.
1012 2835 1039 2867 2
1065 2833 1124 2875 (ex
1140 2843 1166 2866 n
1184 2830 1219 2875 .9)
1244 2835 1272 2864 r
1294 2831 1300 2875 Ι
1323 2830 1403 2865 fluit
1422 2830 1637 2873 Fmterius3
1661 2831 1723 2865 sed

200 2890 259 2925 uel
282 2890 336 2924 sic
359 2890 457 2925 locus
480 2890 643 2925 nondum
666 2900 798 2934 sanus3
822 2901 911 2925 num
935 2890 1023 2926 orbe
1042 2901 1116 2935 pro
1138 2901 1214 2925 uua
1232 2889 1252 2924 ,9
