1898 3190
227 140 283 182 88
663 139 924 175 PROPERTII
949 140 1038 175 LIB.
1065 141 1090 175 Ι.
1118 139 1194 177 28δ.
1220 144 1276 175 29.

344 249 411 291 Tu
443 248 645 304 quoniam
676 263 739 304 es,
771 253 867 289 mea
898 249 989 303 lux,
1021 263 1179 304 magno
1212 248 1388 292 dimissa
1418 250 1598 306 periclo,

285 331 329 363 60
402 319 581 362 Munera
611 319 775 361 Dianae
807 319 951 361 debita
982 319 1109 362 redde
1140 320 1314 376 choros,

343 390 489 432 Redde
521 390 652 432 etiam
684 390 884 432 excubias
917 390 1040 432 diuae
1070 405 1202 446 nunc,
1235 394 1334 433 ante
1365 392 1588 434 iuuencae:

403 460 588 503 Votiuas
619 463 766 503 noctes
797 461 903 503 Isidi
935 462 1054 504 solue
1087 463 1244 504 decem.

905 841 1072 889 XXIX.

344 955 552 999 Extrema
582 958 709 1000 modo
742 972 836 999 cum
869 960 1072 1013 perpotus
1104 961 1229 1001 noete
1261 972 1460 1014 uagarer,

402 1026 494 1069 Nec
525 1043 593 1070 me
625 1043 846 1070 seruorum
879 1029 1051 1071 duceret
1082 1029 1170 1072 ulla
1202 1044 1376 1084 manus,

344 1097 500 1153 obuia,
531 1099 674 1141 neseio
709 1101 814 1154 quot
844 1099 986 1154 pueri,
1016 1100 1122 1142 mihi
1153 1100 1282 1142 turba
1312 1101 1479 1142 minata

403 1169 595 1211 Venerat
627 1168 724 1224 (hos
756 1170 896 1212 uetuit
926 1185 994 1212 me
1025 1185 1248 1212 numerare
1279 1170 1448 1227 timor);

247 1236 250 1238 ’
309 1238 534 1288 5Qu0rum
567 1240 641 1281 alii
671 1240 855 1295 faculas,
887 1240 962 1282 alii
993 1241 1178 1282 retinere
1211 1241 1414 1297 sagittas,

402 1309 507 1352 Pars
540 1311 670 1352 etiam
702 1311 796 1353 uisa
828 1314 894 1353 est
924 1311 1066 1353 uincla
1098 1326 1251 1366 parare
1282 1312 1400 1354 mihi.

343 1381 424 1422 Sed
455 1382 558 1423 nudi
589 1383 776 1425 fuerunt.
821 1398 1000 1438 quorum
1032 1383 1236 1426 lasciuior
1268 1397 1378 1425 unus

403 1451 610 1507 ‘Arripite
641 1453 768 1496 hune’
800 1454 958 1509 inquit3
991 1453 1107 1496 ‘nam
1138 1454 1246 1508 bene
1276 1454 1414 1496 nostis
1446 1469 1554 1496 eum.

344 1523 426 1566 Hie
458 1526 567 1579 erat,
599 1524 713 1566 hune
745 1524 897 1566 mulier
927 1524 1051 1566 nobis
1083 1525 1196 1566 irata
1226 1524 1412 1567 locauit?

289 1605 330 1636 10
404 1594 544 1650 Dixit,
577 1599 619 1637 et
649 1596 695 1637 in
727 1596 837 1638 eollo
869 1596 956 1638 iam
988 1597 1095 1638 mihi
1126 1596 1264 1638 nodus
1297 1598 1399 1637 erat.

345 1665 427 1707 Hie
459 1667 567 1708 alter
598 1667 718 1709 iubet
749 1667 794 1709 in
826 1667 1013 1709 medium
1045 1668 1302 1723 propellere,
1335 1671 1379 1710 et
1410 1668 1520 1709 alter

403 1736 625 1792 eIntereat,
658 1739 730 1793 qui
760 1753 840 1780 nos
871 1753 957 1780 non
989 1741 1113 1794 putat
1143 1754 1235 1781 esse
1268 1739 1386 1780 deos!

341 1807 460 1850 Haec
491 1811 534 1851 te
564 1824 651 1852 non
682 1810 883 1851 meritum
915 1812 1031 1852 totas
1064 1812 1262 1864 expectat
1291 1810 1336 1851 in
1365 1809 1512 1851 horas:

403 1878 463 1921 At
493 1882 541 1922 tu
572 1880 715 1922 nescio
748 1894 853 1935 quas
885 1881 1072 1935 quaeris,
1104 1881 1267 1935 inepte,
1298 1880 1423 1922 fores.

318 2079 408 2115 Vn.
436 2093 535 2115 ποτ.
586 2084 630 2114 59
658 2080 764 2114 Nunc
790 2079 1012 2114 Fonteinius
1033 2083 1037 2123 l
1060 2078 1221 2115 demissa
1248 2082 1289 2122 0,
1316 2090 1406 2114 corr.
1434 2088 1456 2116 ς
1485 2080 1499 2124 ΙΙ
1526 2083 1571 2114 60
1594 2078 1701 2115 tholo
1727 2090 1748 2117 ς

224 2138 401 2173 Heinsius
425 2139 437 2183 ΙΙ
466 2142 507 2173 61
537 2138 686 2173 iuuente
711 2141 738 2170 F
764 2137 915 2184 iuuente
941 2140 970 2170 V
996 2150 1040 2172 m.
1066 2142 1086 2172 1
1119 2139 1131 2183 ΙΙ
1163 2142 1205 2173 62
1235 2136 1323 2172 Isidi
1347 2138 1479 2182 scripsi
1504 2138 1629 2182 (Misc.
1657 2137 1745 2173 Urit.

218 2208 257 2241 p.
285 2198 365 2241 93):
393 2199 430 2232 et
454 2197 546 2232 mihi
572 2200 596 2231 0

318 2268 447 2303 XXIX.
497 2269 680 2304 Adhaeret
699 2268 934 2312 praecedenti
952 2269 994 2303 in
1014 2271 1050 2311 0,
1075 2269 1264 2313 separauit
1282 2270 1312 2301 V
1330 2279 1374 2302 m.
1395 2270 1432 2312 2,
1446 2261 1508 2314 ΠἸΙ
1529 2273 1546 2303 1
1573 2267 1749 2304 Extrema

224 2327 417 2362 Heinsius:
441 2327 633 2363 vHesterna
671 2330 696 2361 0
742 2329 746 2370 Ι
792 2327 901 2362 modo
941 2339 1023 2362 cum
1055 2330 1230 2373 perpotus
1261 2328 1408 2373 scripsi:
1445 2327 1556 2363 modo
1589 2328 1686 2372 (mea.
1720 2331 1748 2361 Ε·

222 2397 266 2421 m.
293 2390 319 2422 2
345 2397 547 2430 supraser.‚
580 2389 630 2429 N,
650 2389 680 2419 V
705 2398 748 2421 ex
773 2388 879 2430 corr.)
904 2386 966 2420 lux
999 2397 1083 2420 cum
1098 2388 1218 2431 -potus
1245 2389 1270 2420 0
1292 2389 1296 2431 Ι
1318 2387 1476 2432 uagaret
1497 2390 1525 2420 F
1549 2397 1593 2422 m.
1619 2390 1641 2421 1
1677 2387 1691 2434 ΙΙ
1727 2391 1747 2422 3

223 2444 366 2479 minata
390 2446 537 2489 scripsi:
571 2444 716 2480 minuta
741 2448 765 2478 0
793 2446 901 2490 (quod
925 2448 966 2480 ut
990 2446 1122 2488 refellit
1145 2445 1270 2480 nescio
1296 2447 1388 2490 quot
1411 2450 1444 2481 et
1478 2445 1598 2480 uetuit
1619 2456 1747 2481 nume-

222 2514 322 2546 rare,
355 2504 409 2538 ita
434 2504 531 2539 unde
554 2504 667 2539 timor
691 2505 752 2538 ille
777 2504 916 2539 uenerit
946 2504 1037 2539 scire
1061 2505 1241 2549 cupimus)
1279 2505 1292 2549 ΙΙ
1329 2510 1350 2539 4
1387 2504 1458 2540 hoc
1481 2508 1509 2538 Ε
1533 2515 1578 2540 m.
1604 2507 1644 2549 1,
1668 2507 1700 2539 n
1735 2504 1749 2551 Η

225 2566 242 2595 7
283 2562 333 2596 Ut
358 2562 485 2597 tunica
511 2564 582 2607 (uel
606 2563 760 2607 nudum)
795 2564 988 2606 exuerant,
1020 2563 1150 2597 horum
1178 2563 1417 2606 Fonteinius5
1448 2574 1560 2608 neque
1588 2574 1650 2609 eqo
1675 2563 1748 2599 Sed

223 2621 399 2665 intefleqo,
426 2625 466 2655 ut
490 2622 615 2656 malim
640 2622 718 2656 Nec
738 2621 827 2656 nudi
853 2621 913 2665 (=
926 2621 1090 2665 inermes)
1113 2622 1118 2666 Ι
1140 2621 1290 2656 fuerunt
1308 2622 1502 2657 Heinsius:
1527 2620 1675 2658 fuerant
1693 2622 1748 2668 ΘΗ

223 2682 244 2713 8
270 2680 345 2714 iam
370 2682 402 2713 u
425 2680 438 2725 n
478 2684 498 2714 9
524 2680 672 2715 notauit
698 2679 735 2715 ο.
763 2680 811 2716 F.
838 2680 881 2714 G.
909 2680 1112 2715 Muellerus
1135 2692 1224 2715 mus.
1251 2670 1366 2717 Rhea.
1393 2680 1461 2715 xx
1479 2692 1518 2725 p.
1546 2684 1634 2724 473,
1658 2684 1748 2716 recte

220 2741 310 2784 puto
340 2739 353 2783 ΙΙ
389 2741 432 2772 10
458 2738 561 2773 Dixit
585 2741 623 2773 et
647 2743 674 2772 F
694 2742 725 2773 R
751 2741 797 2784 (et
820 2741 850 2773 V
874 2750 944 2783 my.
969 2751 1013 2774 m.
1040 2739 1098 2783 2):
1126 2739 1278 2775 Dixerat
1302 2744 1330 2773 D
1350 2742 1380 2773 V
1403 2740 1416 2784 ΙΙ
1445 2743 1486 2775 11
1512 2739 1607 2774 Hinc
1631 2739 1746 2774 Hein-

225 2798 302 2832 sius
337 2798 344 2842 Ι
379 2799 419 2832 at
443 2796 540 2832 alter
565 2800 596 2831 N
625 2798 638 2842 ΙΙ
671 2802 714 2833 13
740 2798 819 2834 Hoc
843 2802 872 2832 1>
898 2801 943 2840 (et
967 2800 997 2831 V
1021 2809 1088 2844 my.
1115 2810 1159 2834 m.
1186 2799 1227 2843 2)
1258 2799 1270 2843 ΙΙ
1303 2802 1345 2833 14
1370 2798 1534 2842 inempte
1558 2800 1591 2832 Π
1623 2802 1628 2840 Ι
1657 2797 1748 2833 foris

229 2856 358 2892 Dousa
376 2858 486 2900 pater
