1898 3190
240 169 325 212 138
727 169 989 206 PROPERTH
1014 171 1103 206 ΜΒ.
1130 169 1191 205 ΠΙ.
1220 173 1274 206 16.

298 289 341 321 14
414 279 554 322 Nemo
587 280 715 331 adeo,
747 281 795 321 ut
825 282 996 334 noceat,
1026 279 1238 322 barbarus
1270 293 1363 321 esse
1393 279 1525 320 uolet.

298 361 340 393 19
357 349 576 406 Sanguine
609 353 700 392 tam
731 366 838 406 puro
871 351 967 406 quis
999 350 1113 392 enim
1146 352 1376 406 spargatur
1406 348 1592 392 amantis

296 432 341 463 2ο
417 421 678 477 Improbus‘?
712 436 807 465 ecce
840 423 928 464 suis
960 422 996 464 it
1026 436 1167 464 comes
1198 422 1294 477 ipsa
1324 420 1484 462 Venus.

298 503 340 534 15
356 491 480 535 Luna
511 493 730 535 ministrat
761 493 862 548 iter,
893 493 1191 535 demonstrant
1221 494 1340 534 astra
1371 492 1583 546 salebras,

414 564 514 619 Ipse
548 564 684 607 Amor
716 580 918 608 accensas
949 565 1163 620 praecutit
1195 566 1293 606 ante
1324 563 1460 617 faces,

361 633 500 677 Saeua
531 650 686 678 canum
717 637 860 678 rabies
892 651 1062 678 morsus
1094 635 1258 678 auertit
1283 634 1464 676 hiantis:

304 716 346 747 18
420 705 533 748 Huic
565 708 711 762 generi
745 708 898 763 quouis
929 710 1122 762 tempore
1153 709 1249 749 tuta
1279 706 1353 748 uia
1384 708 1461 748 est.

300 788 343 818 21
362 777 485 827 Quod
517 778 554 819 si
585 781 700 820 certa
732 794 851 822 meos
885 782 1163 834 sequerentur
1194 778 1345 820 funera
1376 792 1519 833 casus,

417 849 533 891 Talis
565 864 680 892 mors
711 850 851 905 pretio
883 851 953 893 uel
985 851 1042 893 sit
1074 850 1252 892 emenda
1283 849 1401 891 mihr.

358 918 538 962 Adferet
568 921 674 964 haec
706 925 925 978 unguenta
957 922 1065 964 mihi
1097 922 1308 978 sertisque
1341 920 1582 976 sepulcrum

419 990 603 1035 Ornabit
633 995 778 1035 custos
811 993 864 1036 ad
895 1008 991 1036 mea
1022 994 1152 1035 busta
1183 993 1346 1035 sedens.

299 1073 342 1104 25
358 1061 414 1104 Di
444 1063 624 1116 faciant,
656 1079 752 1106 mea
782 1079 836 1106 ne
867 1067 984 1106 terra
1015 1065 1130 1107 locet
1161 1079 1260 1106 ossa
1290 1063 1520 1120 frequenti,

417 1133 511 1183 Qua
542 1135 649 1178 facit
681 1135 851 1178 assiduo
884 1135 1058 1178 tramite
1089 1135 1247 1191 uulgus
1279 1135 1380 1177 iter:

358 1205 464 1247 Post
495 1208 680 1248 mortem
712 1207 868 1248 tumuli
901 1206 962 1248 sic
991 1207 1257 1248 infamantur
1289 1209 1524 1248 amantum.

418 1276 487 1318 Mc
518 1279 640 1333 tegat
671 1277 852 1320 arborea
883 1278 1008 1320 deuia
1037 1280 1154 1320 terra
1185 1292 1324 1332 coma,

358 1348 499 1403 Atque
530 1348 684 1390 humer
714 1349 888 1405 ignotae
921 1349 1102 1391 cumulis
1133 1349 1322 1391 uallatus
1353 1348 1558 1400 harenae:

296 1430 341 1462 30
414 1418 516 1462 Non
547 1420 670 1462 iuuat
700 1420 746 1461 in
777 1420 917 1462 media
947 1435 1106 1462 nomen
1135 1421 1296 1463 habere
1327 1420 1409 1463 uia.

332 1714 425 1751 Vm.
450 1727 550 1752 mor.
604 1719 647 1750 14
691 1714 784 1751 adeo
810 1715 919 1750 inser.
949 1715 1095 1760 Pomp:
1122 1715 1192 1751 deo
1218 1719 1243 1750 0
1266 1715 1270 1762 Ι
1292 1716 1425 1752 noceat
1449 1718 1495 1751 0:
1520 1715 1632 1752 feriat
1655 1716 1765 1752 inser.

242 1775 368 1819 Pomp.
385 1775 394 1821 Γ
408 1786 489 1819 uu„
516 1776 581 1820 qui
603 1778 690 1810 sunt
714 1776 755 1810 in
775 1778 799 1809 0
822 1779 864 1810 19
891 1778 923 1810 et
942 1779 1005 1818 20,
1025 1779 1111 1820 post
1137 1779 1181 1810 14
1206 1776 1350 1811 traiecit
1373 1774 1707 1822 Struchtmeyerusll
1722 1779 1764 1811 19

238 1845 332 1879 puro
358 1835 458 1871 Guil.
485 1834 698 1870 Fischerus:
724 1845 841 1879 paruo
867 1837 891 1868 0
923 1835 936 1879 ΙΙ
966 1839 1012 1870 20
1042 1834 1224 1880 Improbis
1248 1838 1276 1868 F
1306 1846 1351 1870 m.
1377 1837 1399 1870 1
1422 1834 1428 1879 Ι
1449 1845 1533 1870 ecce
1558 1834 1633 1869 suis
1665 1833 1764 1871 Gan.

238 1893 279 1928 F
277 1895 453 1930 ischerus:
493 1893 649 1929 exclusis
676 1897 700 1928 0
740 1894 746 1938 Ι
785 1893 817 1928 it
847 1893 1157 1940 Struchtmeyerus
1183 1894 1242 1939 (ef.
1269 1896 1301 1928 et
1325 1893 1489 1938 Boltius,
1514 1894 1598 1929 edlu.
1623 1893 1702 1929 crit.
1723 1904 1763 1939 p.

241 1954 316 1998 78):
342 1953 386 1988 fit
411 1956 435 1987 0
464 1953 477 1999 ΙΙ
508 1957 550 1988 15
576 1952 779 1998 ministrat]
807 1952 1038 1988 demonstrat
1061 1956 1105 1997 Ἐς
1131 1955 1209 1988 erat
1233 1963 1312 1987 cum
1339 1953 1532 1988 conicerem
1554 1952 1732 1988 inlustrat
1758 1951 1762 1999 Ι

239 2012 471 2049 demonstrat
495 2012 595 2047 astra
618 2016 646 2046 D
678 2012 691 2057 ss
723 2015 766 2047 16
791 2011 980 2057 praecutit
1004 2011 1183 2057 Guyetus:
1209 2010 1372 2057 percutit
1397 2014 1422 2045 0
1449 2012 1462 2056 ΙΙ
1494 2014 1536 2046 17
1564 2010 1707 2047 Scaeua
1731 2013 1766 2056 (c

240 2073 322 2117 del.)
348 2075 378 2106 V
400 2074 404 2116 Ι
427 2071 592 2107 aduertit
615 2074 643 2105 F
669 2071 817 2106 auertat
841 2075 869 2104 D
889 2073 919 2104 V
941 2073 946 2115 Ι
967 2069 1080 2106 iantis
1105 2074 1132 2104 Ε
1157 2082 1201 2106 m.
1229 2074 1249 2105 1
1286 2071 1299 2115 11
1338 2073 1379 2105 18
1406 2069 1577 2116 quamuis
1602 2073 1647 2115 r,
1671 2079 1763 2106 corr.

238 2143 306 2177 my.
326 2143 370 2167 m.
388 2134 414 2168 2
428 2132 439 2177 ‘J
453 2135 497 2166 21
512 2141 583 2176 sqq.
604 2141 716 2176 usque
729 2131 779 2165 ad
795 2131 903 2174 finem
928 2130 1163 2175 interpolatos
1187 2130 1293 2165 habet
1310 2129 1595 2171 Heimreichius,
1615 2132 1700 2174 post
1721 2132 1764 2164 10

239 2192 382 2227 traiecit
408 2191 508 2226 Guil.
529 2189 750 2236 Fischerusll
763 2194 807 2224 22
834 2189 920 2224 Tali
944 2193 974 2223 V
999 2201 1067 2235 my.
1092 2201 1139 2225 m.
1158 2192 1184 2225 2
1205 2190 1210 2233 1
1231 2188 1380 2234 praecio
1404 2193 1433 2223 D
1450 2188 1512 2235 [fit
1529 2192 1557 2222 Ε
1575 2189 1588 2234 ΙΙ
1606 2191 1650 2224 23
1677 2186 1763 2223 Adf.

238 2254 285 2286 N:
312 2251 381 2286 Aff.
410 2254 434 2284 0
457 2251 462 2297 Ι
483 2251 578 2285 haec
604 2249 782 2295 Guyetus:
808 2243 882 2284 huc
908 2252 932 2283 0
955 2249 960 2294 1
983 2250 1148 2294 ungenta
1171 2252 1198 2282 F
1217 2251 1249 2282 N
1270 2250 1276 2293 1
1297 2248 1514 2293 sepulchum
1538 2251 1570 2281 R
1588 2248 1601 2292 ΙΙ
1630 2250 1675 2282 25
1702 2245 1764 2282 Dii

238 2315 266 2344 D
286 2314 314 2343 F
335 2311 378 2355 (V
397 2322 442 2345 m.
463 2311 503 2355 2)
538 2312 542 2355 Ι
582 2321 628 2344 nc
653 2314 699 2344 D:
724 2320 792 2344 nec
817 2312 844 2342 F
863 2312 895 2342 N
914 2312 943 2342 V
962 2310 974 2353 ss
991 2313 1037 2344 27
1064 2308 1216 2352 tumuli,
1243 2319 1426 2353 suprascr.
1451 2319 1496 2344 m.
1523 2311 1549 2344 2
1574 2305 1678 2342 tituli
1701 2310 1728 2340 r
1757 2305 1760 2353 Ι

240 2371 409 2405 amantes
433 2373 461 2403 F
486 2381 529 2405 m.
557 2374 576 2404 1
597 2371 610 2414 ΙΙ
629 2373 673 2404 29
699 2369 821 2413 Atque
845 2369 993 2412 scripsi:
1020 2369 1098 2403 Aut
1123 2371 1147 2401 0
1170 2370 1175 2410 Ι
1197 2367 1328 2402 humer
1354 2365 1416 2412 (-ri
1441 2367 1486 2411 Π)
1510 2365 1662 2412 ignotae
1686 2368 1714 2399 r
1731 2368 1764 2399 Π

239 2431 283 2474 (V
307 2440 376 2474 my.
397 2441 441 2466 m.
461 2429 520 2474 2):
546 2428 698 2474 ignotae
723 2427 856 2463 humor
880 2431 908 2461 D
928 2430 957 2460 V
980 2429 984 2471 Ι
1007 2427 1164 2462 cumulis
1189 2432 1218 2461 D
1237 2430 1286 2461 N:
1312 2425 1481 2461 cumulus
1499 2428 1527 2458 r
1545 2427 1576 2458 V
1599 2423 1765 2460 tumulus

241 2491 271 2521 V
295 2499 339 2523 m.
367 2488 592 2533 21ualatus
617 2490 647 2520 V
673 2498 717 2522 m.
744 2489 763 2521 1
788 2486 793 2530 Ι
820 2496 929 2520 arene
955 2488 981 2519 F
1012 2485 1025 2529 ss
1054 2488 1100 2519 30
1126 2484 1211 2519 Non
1234 2487 1262 2517 F
1287 2494 1331 2519 m.
1358 2487 1402 2527 2,
1427 2485 1456 2515 V
1481 2493 1550 2528 my.
1575 2493 1620 2518 m.
1645 2485 1689 2525 2,
1714 2484 1762 2516 11:

240 2546 300 2581 Mc
327 2549 352 2579 0
