1936 3216
254 144 340 180 XVI
838 145 1222 184 PROLEGOMENA.

257 267 462 295 uersuum
493 253 769 295 traiectiones
799 268 990 310 quaeque
1022 270 1118 297 cum
1149 255 1217 297 his
1243 256 1472 299 coniuncta
1501 259 1604 300 sunt
1633 258 1792 301 iniuria

257 325 371 380 apud
408 325 569 367 multos
602 323 754 366 doctos
784 325 916 380 longo
949 326 1123 368 criticae
1162 327 1419 370 exercendae
1449 342 1530 370 usu
1561 328 1791 372 destitutos

257 396 368 437 male
401 395 594 447 audiunt,
624 395 782 437 iniuria
813 410 839 437 a
870 396 1029 439 criticis
1061 398 1279 440 nonnullis
1320 401 1595 442 accersuntur
1625 400 1701 442 ubi
1730 401 1791 442 le-

257 466 453 509 nioribus
491 467 685 509 medellis
723 481 790 509 res
828 468 979 523 peragi
1015 470 1178 524 potest:
1209 469 1255 510 in
1285 472 1404 513 recto
1435 485 1538 526 usu,
1569 473 1618 513 ut
1647 473 1791 514 cetera

257 538 446 579 remedia
484 538 646 592 omnia,
684 539 727 580 et
763 538 999 580 utilitatem
1031 541 1075 581 et
1113 540 1528 584 commendationem
1566 557 1688 585 suam
1717 542 1791 586 ha-

256 609 372 650 bent.
406 609 520 664 apud
539 609 814 669 Propertium
833 624 929 651 cum
960 610 1205 666 frequenter
1230 611 1357 654 filum·
1381 614 1621 656 sententiae
1646 614 1789 656 subito

256 680 616 735 interrumpatur,
660 680 816 722 accidit
851 680 922 722 hic
966 681 1053 723 illic
1098 684 1147 723 ut
1183 683 1624 738 circumspicientibus
1661 671 1789 728 nobi's

256 751 302 793 in
338 751 498 793 uicinia
536 753 762 794 occurrant
798 752 1055 807 particulae,
1093 767 1199 808 quas
1237 754 1283 795 in
1321 769 1445 796 suum
1482 755 1626 798 locum
1669 757 1790 799 resti-

255 822 413 865 tuendo
438 823 600 865 iustum
620 837 830 865 conexum
850 822 1018 865 efficere
1043 823 1186 867 liceat.
1225 827 1268 867 et
1293 825 1364 867 hic
1383 825 1592 869 adnotatu
1611 827 1789 884 dignum

255 896 382 949 puto,
421 909 548 949 saepe
579 894 818 950 particulas
848 893 947 936 illas
979 897 1185 950 quattuor
1215 895 1413 938 uersibus
1433 899 1645 954 constare,
1675 899 1789 942 unde

256 966 542 1008 uetustissimi
573 966 690 1007 illius
722 965 822 1007 libri
853 965 1039 1008 formam
1063 966 1198 1008 fuisse
1223 967 1448 1010 minimam
1474 969 1672 1012 conicias.
1713 969 1788 1012 sed
1835 1003 1839 1006 .

261 1038 457 1092 pluribus
489 1040 636 1080 tamen
666 1037 772 1079 locis
804 1036 967 1079 frustra
998 1037 1362 1093 circumspicimus
1405 1039 1594 1095 uincula,
1631 1040 1787 1096 quibus

255 1109 501 1165 fragmenta
549 1110 661 1151 inter
704 1122 750 1150 se
795 1108 1061 1163 copulemus:
1110 1109 1331 1164 perierunt
1382 1110 1548 1152 scilicet
1594 1125 1683 1154 non
1724 1112 1788 1154 ita

257 1195 421 1235 paucae
460 1180 618 1223 codicis
655 1180 771 1221 illius
810 1179 1101 1235 antiquissimi
1138 1180 1336 1236 paginae.
1391 1181 1437 1222 in
1473 1182 1552 1224 tali
1583 1184 1699 1225 statu
1738 1197 1788 1225 ea

257 1266 365 1307 quae
397 1252 636 1307 reciperare
666 1252 873 1307 negatum
905 1253 972 1293 est
1010 1241 1214 1306 quaerere
1246 1251 1509 1308 desinamus,
1539 1267 1593 1295 ne
1623 1254 1787 1296 malum

257 1323 372 1379 quod
402 1323 635 1379 profligare
668 1322 888 1364 studemus
919 1322 1193 1364 intendamus
1213 1323 1357 1378 potius
1378 1324 1507 1378 atque
1536 1337 1788 1380 augeamus:

259 1396 439 1437 lacunae
467 1395 591 1452 signa
615 1409 775 1450 ponere
801 1409 931 1450 quam
956 1409 1107 1437 uersus
1133 1394 1314 1437 traicere
1345 1395 1390 1436 in
1407 1394 1490 1437 hoc
1507 1397 1638 1450 poeta
1662 1410 1789 1452 saepe

254 1468 391 1510 tutius
425 1481 519 1509 esse
550 1465 747 1521 equidem
779 1466 879 1508 scio.

372 1538 441 1580 Ad
461 1539 691 1582 uerborum
706 1537 1034 1592 deprauationes
1049 1538 1242 1580 diuersas
1262 1538 1578 1580 adumbrandas
1597 1541 1785 1582 transeo.

254 1625 305 1652 ex
342 1611 484 1665 prisco
522 1612 667 1652 autem
707 1609 941 1664 exemplari
972 1608 1049 1651 illo
1080 1609 1345 1664 transcripta
1383 1609 1574 1652 carmina
1603 1609 1786 1665 Proper-

253 1681 373 1724 tiana
411 1683 748 1724 consentaneum
786 1681 852 1722 est
889 1680 1020 1722 etiam
1058 1680 1167 1722 uitia
1207 1680 1475 1723 contraxisse
1512 1694 1564 1722 ea
1593 1695 1702 1736 quae
1731 1695 1785 1723 ex

252 1753 494 1796 litterarum
525 1751 858 1795 maiuscularum
887 1750 1029 1794 forma
1055 1745 1337 1807 explicantur.
1371 1751 1473 1794 nolo
1505 1751 1665 1794 multus
1690 1765 1784 1794 esse

253 1895 443 1931 Comitum
472 1893 602 1931 edidit.
646 1904 735 1928 nam
765 1891 948 1928 traditum
980 1890 1186 1926 carminum
1211 1889 1379 1925 ordinem
1403 1890 1514 1935 plane
1540 1890 1686 1936 euertit,
1709 1902 1785 1928 11011

253 1955 374 1990 solum
407 1953 510 1990 omni
540 1951 809 1999 probabilitate
847 1950 1038 1997 neglecta,
1075 1949 1140 1985 sed
1175 1949 1290 1984 etiam
1326 1950 1614 1995 argumentandi
1646 1961 1782 1997 genere

253 2025 371 2060 paene
402 2012 539 2059 puerili
570 2024 668 2047 usus.
718 2010 838 2047 ueluti
868 2010 997 2055 legens
1028 2008 1067 2044 in
1099 2008 1260 2044 secundo
1294 2008 1390 2043 libro
1423 2008 1532 2054 (eleg.
1560 2010 1618 2055 16)
1653 2009 1697 2045 ‘o
1722 2020 1782 2045 me

252 2073 418 2118 felicem,
452 2084 473 2108 o
504 2083 579 2108 nox
610 2070 703 2106 mihi
735 2069 913 2106 candida'
949 2070 987 2104 et
1017 2079 1127 2114 porro
1159 2067 1196 2102 111
1230 2067 1344 2103 tertio
1379 2067 1489 2114 (eleg.
1516 2071 1573 2113 20,
1601 2069 1659 2114 11)
1687 2069 1782 2105 ‘nox

251 2132 345 2168 mihi
377 2131 500 2177 prima
532 2130 657 2166 uenit’
687 2142 771 2166 cum
801 2128 874 2164 nisi
904 2130 1038 2174 poetae
1068 2129 1150 2163 tum
1174 2126 1336 2172 primum
1361 2126 1523 2172 Cynthia
1551 2126 1674 2172 potito
1704 2138 1780 2164 non

253 2191 450 2228 conuenire
482 2191 651 2236 putaret,
683 2190 795 2225 homo
828 2187 982 2223 mirifice
1014 2187 1146 2223 acutus
1176 2185 1317 2221 statim⁴
1330 2185 1424 2221 haec
1455 2185 1622 2222 carmina
1644 2186 1684 2222 in
1706 2186 1778 2222 1111-

251 2251 346 2286 tium
372 2250 484 2296 primi
508 2250 596 2285 libri
621 2260 644 2284 a
669 2259 708 2284 se
733 2247 855 2284 reficti
879 2246 1041 2283 intrusit.
1092 2245 1200 2290 quasi
1230 2255 1319 2280 uero
1351 2244 1456 2280 nulla
1479 2256 1657 2290 umquam
1681 2245 1780 2282 inter

253 2311 422 2346 amantes
446 2308 605 2345 discidia
629 2308 788 2343 fuissent
810 2317 931 2352 neque
955 2304 1183 2351 Propertius,
1209 2304 1274 2339 ubi
1299 2303 1400 2339 edito
1425 2303 1521 2340 libro
1546 2304 1668 2350 primo
1694 2315 1777 2341 cum

252 2370 414 2416 Cynthia
437 2369 476 2404 in
506 2368 669 2414 gratiam
700 2367 828 2412 rediit,
860 2364 1174 2402 reconciliationis
1204 2363 1358 2399 tandem
1387 2362 1511 2399 factae
1536 2363 1717 2410 gaudium
1740 2365 1780 2400 in

250 2441 313 2466 eos
347 2429 412 2474 qui
444 2428 565 2474 elegia
589 2428 625 2462 II
652 2431 695 2462 16
727 2426 964 2462 continentur
994 2435 1123 2460 uersus
1155 2422 1343 2459 effundere
1367 2421 1568 2468 potuisset!
1618 2423 1778 2459 alterum

251 2490 377 2524 autem
410 2499 559 2524 carmen
590 2487 655 2533 (III
681 2490 744 2532 20,
773 2490 814 2521 11
837 2487 931 2532 sqq.)
962 2484 1163 2531 diligenter
1192 2483 1364 2529 perlege:
1402 2481 1608 2518 locutiones
1645 2482 1776 2528 quales

250 2548 379 2584 extant
404 2560 439 2583 u.
467 2551 511 2582 16
540 2546 681 2582 ‘amore
708 2545 820 2582 nouo’
849 2546 887 2580 et
911 2556 947 2579 u.
974 2547 1019 2579 26
1047 2543 1159 2578 ‘nouo
1183 2542 1281 2578 toro'
1310 2552 1354 2577 eo
1386 2540 1523 2576 referes
1554 2540 1655 2586 quod
1683 2552 1776 2587 pace

249 2607 352 2643 faeta
376 2607 416 2642 in
440 2607 554 2641 breue
585 2606 733 2650 tempus
765 2615 870 2640 amor
899 2603 1109 2649 integratus
1135 2601 1232 2644 erat,
1267 2612 1350 2636 cum
1375 2599 1594 2646 praesertim
1617 2600 1777 2636 foederis

249 2669 340 2702 tunc
370 2666 438 2702 icti
468 2665 572 2711 leges
606 2665 770 2700 statutae
802 2663 954 2709 poetam
985 2661 1061 2697 iam
1093 2661 1214 2696 multa
1244 2659 1379 2695 acerba
1402 2658 1440 2693 in
1473 2659 1601 2704 puella.
1625 2670 1693 2694 sua
1716 2670 1776 2694 ex—

250 2728 399 2772 pertum
425 2735 503 2760 esse
530 2724 741 2759 ostendant.
779 2722 850 2758 tali
875 2721 1031 2757 leuitate
1058 2722 1190 2765 (neque
1216 2718 1315 2754 enim
1340 2717 1466 2753 cetera
1490 2716 1649 2753 Carutfii
1674 2728 1776 2753 com-

250 2787 378 2821 menta
403 2783 566 2830 plurima
592 2783 679 2818 sunt
702 2781 873 2826 meliora)
899 2780 932 2815 si
956 2779 1195 2825 quaestiones
1221 2775 1529 2823 impeditissimae
1553 2776 1774 2820 tractantur,

250 2845 453 2880 uerendum
478 2844 536 2879 est
560 2853 607 2878 ne
638 2842 731 2876 haec
756 2838 994 2885 antiquitatis
1028 2838 1151 2875 studia
1174 2838 1257 2873 tota
1285 2846 1372 2871 mox
1395 2835 1436 2870 in
1465 2834 1668 2870 ludibrium
1691 2846 1773 2871 uer-

248 2904 386 2939 tantur.
