1898 3190
275 188 332 228 84
730 190 989 225 PROPERTII
1014 190 1102 225 LIB.
1129 189 1176 225 ΙΙ.
1202 195 1258 228 27.
1284 195 1340 226 28.

451 297 589 339 Purus
622 299 666 339 et
697 297 848 352 Orion,
879 313 1012 352 purus
1045 301 1088 339 et
1117 298 1293 340 Haedus
1325 298 1417 341 erit.

392 367 512 416 Quod
547 368 653 410 mihi
685 370 722 410 si
753 370 955 423 ponenda
986 372 1061 411 tuo
1095 370 1152 411 sit
1183 384 1361 424 corpore
1391 370 1500 425 uita,

450 438 605 481 Exitus
637 439 707 482 hie
741 441 868 482 nobis
898 455 987 482 non
1017 440 1275 483 inhonestus
1306 441 1398 483 erit.

940 715 1132 763 XXVII.

391 817 452 859 At
483 833 561 860 uos
593 818 820 874 incertam,
853 820 1075 874 mortales,
1106 819 1269 861 funeris
1300 819 1452 860 horam

451 888 683 943 Quaeritis,
718 892 761 931 et
792 905 876 945 qua
907 890 964 932 sit
994 905 1110 933 mors
1143 891 1312 933 aditura
1342 891 1432 942 uia,

391 958 607 1008 Quaeritis
640 962 683 1002 et
715 961 833 1003 eaelo
865 961 1130 1003 Phoenicum
1160 962 1337 1004 inuenta
1369 974 1539 1015 sereno,

452 1029 570 1079 Quae
603 1031 661 1073 sit
695 1031 821 1073 stella
852 1032 1018 1074 homini
1050 1033 1275 1075 commoda
1306 1046 1497 1088 quaeque
1528 1031 1656 1073 mala.

357 1111 378 1142 5
395 1100 477 1143 Seu
510 1101 691 1156 pedibus
723 1101 909 1144 Parthos
943 1104 1162 1157 sequimur
1194 1118 1267 1146 seu
1299 1104 1434 1145 classe
1465 1101 1716 1144 Britannos:

448 1171 508 1213 Et
538 1172 670 1214 maris
703 1175 746 1214 et
775 1176 916 1215 terrae
948 1188 1073 1216 caeca
1104 1174 1263 1229 pericla
1293 1175 1408 1228 uiae3

391 1242 555 1285 Rursus
589 1246 632 1285 et
664 1243 878 1286 obiectum
909 1244 1059 1287 flemus
1092 1245 1223 1300 capiti
1255 1260 1349 1288 esse
1379 1245 1630 1299 tumultum,

449 1313 558 1356 Cum
589 1313 765 1357 Mauors
798 1315 951 1357 dubias
983 1316 1136 1358 miscet
1166 1316 1380 1371 utrimque
1411 1330 1575 1357 manus.

388 1385 617 1428 Praeterea
649 1386 845 1429 domibus
877 1387 1096 1430 flammam
1128 1388 1368 1444 metuisque
1398 1387 1560 1442 ruinas,

333 1468 375 1499 10
450 1456 546 1499 Neu
579 1458 762 1499 subeant
791 1458 926 1499 labris
959 1459 1114 1513 poeula
1143 1459 1270 1514 nigra
1299 1459 1403 1501 tuis!

391 1527 515 1570 Solus
547 1544 696 1571 amans
728 1529 869 1582 nouit,
902 1530 1072 1584 quando
1105 1530 1322 1584 periturus
1355 1532 1398 1571 et
1428 1544 1455 1571 a
1485 1543 1568 1584 qua

449 1599 607 1655 Morte,
638 1615 775 1655 neque
807 1600 878 1642 hie
910 1599 1074 1642 Boreae
1105 1600 1244 1642 flabra
1273 1614 1351 1642 nee
1383 1614 1502 1641 arma
1531 1599 1672 1654 timet3

391 1670 482 1711 Iam
515 1671 615 1712 lieet
646 1673 689 1712 et
721 1670 876 1726 Stygia
908 1670 1053 1712 sedeat
1085 1671 1164 1712 sub
1197 1670 1402 1712 arundine
1432 1684 1596 1726 remex,

451 1740 609 1783 Cernat
640 1745 683 1783 et
714 1742 908 1784 infernae
939 1743 1085 1784 tristia
1116 1742 1214 1784 uela
1243 1743 1369 1783 ratis:

332 1824 375 1854 15
392 1811 436 1854 Si
469 1813 595 1854 modo
627 1814 854 1855 clamantis
886 1813 1154 1855 reuocauerit
1185 1828 1290 1855 aura
1322 1813 1506 1868 puellae,

449 1882 710 1926 Concessum
741 1883 861 1925 nulla
891 1884 986 1939 lege
1018 1884 1175 1925 redibit
1204 1884 1298 1926 iter.

365 2083 454 2118 Vin.
482 2095 578 2117 Lacr.
653 2087 697 2117 56
741 2083 858 2118 hedus
889 2086 936 2118 N:
976 2083 1066 2118 edus
1098 2087 1125 2117 F
1157 2083 1270 2126 aedas
1300 2087 1328 2116 D
1349 2085 1378 2116 V
1419 2084 1432 2128 ss
1473 2087 1518 2118 57
1564 2082 1659 2125 Quid
1691 2087 1738 2130 Β,
1764 2086 1794 2118 V

269 2154 315 2177 m.
341 2146 381 2186 1,
407 2144 438 2175 H

365 2212 513 2248 XXVII.
575 2212 688 2247 Noua
720 2213 832 2257 eleyia
864 2224 944 2247 cum
976 2213 1082 2247 titulo
1114 2213 1160 2248 de
1194 2213 1338 2248 incerta
1367 2213 1459 2248 hora
1489 2214 1620 2248 mortis
1644 2214 1725 2258 (om.
1750 2214 1794 2258 V)

269 2273 311 2307 iu
337 2273 393 2316 011
415 2276 432 2306 1
458 2270 509 2306 At
534 2274 576 2305 0:
603 2271 652 2305 Et
677 2281 699 2308 ς
726 2272 738 2316 ΙΙ
770 2275 790 2306 3
817 2271 978 2306 fenicum
1003 2272 1157 2306 iuuenta
1182 2272 1220 2315 (n
1244 2282 1360 2315 supra
1385 2271 1424 2306 iu
1442 2273 1571 2317 posuit
1593 2283 1640 2308 m.
1664 2273 1706 2317 2)
1731 2276 1759 2306 F
1781 2271 1794 2319 ΙΙ

271 2334 303 2375 5,
331 2335 351 2365 6
371 2334 456 2375 post
484 2335 526 2364 12
552 2330 695 2364 traiecit
719 2329 986 2364 Heimreichius
1021 2331 1033 2375 ΙΙ
1070 2333 1090 2364 5
1124 2329 1312 2374 sequimur
1337 2333 1379 2365 0:
1406 2330 1573 2375 sequitur
1597 2341 1620 2368 ς
1658 2332 1664 2375 Ι
1702 2331 1790 2366 bn't-

270 2391 403 2425 tannos
434 2393 465 2423 N
501 2391 513 2434 u
551 2393 571 2423 6
610 2399 720 2424 caeca
750 2388 903 2433 perinde
935 2389 999 2423 uia
1023 2390 1080 2423 est
1114 2389 1452 2434 Waardeubwtyius
1492 2391 1505 2434 ΙΙ
1537 2393 1556 2425 ’1
1591 2385 1721 2425 flemus
1747 2393 1790 2424 0:

270 2449 378 2483 fletus
403 2452 435 2482 Π
459 2449 556 2483 fletis
584 2458 605 2486 ς
633 2451 637 2491 Ι
661 2447 775 2493 capiti
800 2453 828 2483 Β
847 2450 877 2480 V
903 2449 947 2491 (et
966 2451 992 2481 F
1012 2459 1079 2493 my.
1102 2459 1146 2484 m.
1168 2450 1226 2494 2):
1253 2449 1365 2494 caput
1388 2451 1416 2482 r
1435 2451 1484 2492 Π,
1509 2449 1606 2484 wude
1629 2449 1793 2484 tumultu

271 2507 314 2541 L.
343 2508 546 2542 Muellerus
581 2507 593 2552 ΙΙ
629 2511 650 2543 8
688 2508 842 2551 uterque
867 2511 895 2540 Β
932 2507 944 2551 ΙΙ
982 2511 1002 2542 9
1037 2507 1149 2542 flama
1173 2510 1203 2540 V
1226 2507 1394 2542 flammas
1419 2516 1441 2544 ς
1474 2507 1480 2552 Ι
1513 2506 1721 2552 metuisque
1745 2507 1791 2544 L.

273 2567 491 2602 Muellerus:
531 2565 772 2610 domibusque
805 2569 830 2599 0
868 2565 1100 2610 dominisque
1131 2566 1390 2601 Laehmannus
1428 2567 1434 2609 1
1472 2565 1598 2601 ruinas
1627 2577 1718 2602 corr.
1751 2567 1793 2601 in

270 2625 377 2660 ruina
402 2628 431 2658 V
456 2637 501 2660 m.
528 2630 553 2661 2
585 2627 597 2670 ΙΙ
630 2629 673 2660 10
698 2625 797 2669 Neu,
823 2638 847 2659 u
872 2637 916 2659 m.
944 2628 969 2660 2
995 2628 1204 2669 suppwncta
1228 2627 1258 2658 V
1285 2626 1290 2669 Ι
1322 2623 1396 2659 suis
1419 2624 1676 2660 Broukhusius
1703 2626 1718 2671 ΙΙ
1749 2629 1790 2660 12

271 2684 429 2719 bor-aeae
454 2687 485 2717 N
507 2687 511 2728 Ι
533 2695 600 2719 nec
625 2689 653 2718 Β
674 2687 721 2718 V:
746 2694 865 2728 neque
890 2687 917 2717 F
937 2687 968 2717 N
993 2685 1038 2726 (et
1063 2687 1093 2716 V
1117 2695 1162 2718 m.
1183 2685 1222 2727 2)
1242 2685 1254 2729 ΙΙ
1275 2687 1317 2718 13
1343 2683 1462 2727 liquet
1485 2687 1512 2716 F
1536 2695 1582 2718 m.
1609 2687 1630 2718 1
1653 2685 1658 2729 Ι
1680 2683 1792 2729 stigia

270 2746 297 2776 F
317 2746 349 2776 N
370 2744 375 2787 Ι
397 2744 537 2789 remex]
558 2754 724 2778 maerens
743 2743 1009 2778 Heimreichius
1027 2743 1039 2787 ΙΙ
1061 2746 1103 2776 14
1123 2741 1260 2777 Cernat
1277 2745 1304 2775 Ε
1317 2745 1364 2777 R:
1392 2740 1523 2777 Seruat
1540 2747 1569 2777 Β
1582 2744 1613 2775 V
1633 2743 1792 2788 (uterque

271 2813 339 2847 my.
372 2813 444 2846 pro
476 2814 557 2837 uar.
591 2803 664 2837 lect.
699 2802 839 2846 cernat)
872 2801 1003 2836 Soluat
1032 2801 1303 2844 Broukhusius;
1340 2811 1409 2845 quo
1440 2804 1576 2845 recepto
1606 2802 1659 2836 sic
1682 2801 1790 2836 inter-

268 2861 463 2904 pumerim
494 2861 689 2905 arundine,
725 2872 851 2896 remex
876 2860 1008 2895 Soluat
1033 2862 1070 2895 et
1111 2861 1123 2904 ΙΙ
1168 2863 1209 2894 15
1248 2858 1444 2894 clamantis
1479 2862 1521 2894 0:
1553 2860 1738 2896 damnatis
1761 2862 1792 2894 V

270 2929 337 2963 my.
363 2930 408 2953 m.
434 2922 460 2954 2
486 2919 699 2955 damnatum
728 2930 749 2957 ς
