1898 3190
0 1721 52 3190 &mmmm—ww
0 1636 6 1649 -
0 1573 10 1580 .

652 148 913 186 PROPERTII
936 148 1028 184 LIB.
1053 148 1100 185 Π.
1126 152 1158 183 1.
1605 146 1663 188 37

259 260 344 304 Seu
373 261 463 303 iam
492 261 721 315 poscentes
753 273 955 301 somnum
985 256 1174 300 declinat
1202 257 1383 310 ocellos,

318 330 501 374 Inuenio
531 344 683 372 causas
714 329 833 371 mille
862 330 994 383 poeta
1022 343 1180 383 nouas3

258 401 342 444 Seu
370 402 487 444 nuda
518 390 666 456 erepto
696 414 865 442 mecum
895 400 1084 442 luctatur
1114 399 1292 455 amictu,

319 472 439 515 Tunc
469 470 572 515 uero
602 472 759 528 longas
790 470 1012 513 condimus
1042 470 1220 513 Iliadas:

201 555 244 586 15
258 543 342 586 Seu
372 544 572 600 quic’quid
602 543 707 586 fecit
736 543 829 584 siue
859 544 926 584 est
954 541 1252 597 quodcumque
1282 542 1447 592 locuta,

315 614 508 658 Maxima
537 615 589 657 de
619 614 758 657 nihilo
788 613 982 656 nascitur
1011 613 1209 656 historia.

258 686 383 736 Quod
412 686 522 728 mihi
552 686 589 728 si
619 687 809 740 tantum,
839 684 1085 739 Maecenas,
1114 684 1209 726 fata
1239 683 1480 738 dedissent,

316 757 380 801 Ut
407 772 582 815 possem
611 757 767 799 heroas
798 756 951 798 ducere
981 756 1029 798 in
1057 771 1179 798 arma
1210 770 1382 809 manus,

257 828 359 872 Non
389 843 471 885 ego
502 828 681 871 Titanas
711 842 927 882 canerem,
956 841 1046 869 non
1076 826 1219 869 Ossan
1249 826 1435 882 Olympo

198 910 245 942 2ο
316 899 595 955 Impositum,
624 901 675 942 ut
704 899 812 942 caeli
842 898 996 940 Pelion
1027 901 1143 940 esset
1173 898 1274 952 iter,

254 970 358 1013 Non
386 974 555 1013 ueteres
585 970 775 1024 Thebas,
805 983 886 1012 nec
916 969 1131 1025 Pergama
1159 983 1320 1011 nomen
1349 968 1548 1020 Homeri,

314 1041 468 1084 Xerxis
499 1044 544 1084 et
574 1041 757 1096 imperio
787 1041 891 1083 bina
921 1040 1061 1084 coisse
1089 1040 1223 1095 uada,

255 1112 462 1169 Regnaue
491 1113 633 1168 prima
662 1111 807 1167 Remi,
836 1114 914 1154 aut
944 1111 1112 1154 animos
1145 1110 1424 1167 Carthaginis
1456 1112 1588 1162 altae,

315 1183 670 1239 Cimbrorumque
701 1183 842 1226 minas
872 1186 917 1225 et
944 1183 1173 1226 benefacta
1201 1182 1332 1225 Mari:

197 1265 244 1297 25
257 1255 465 1310 Bellaque
494 1269 647 1310 resque
677 1255 744 1296 tui
774 1268 1057 1296 memorarem
1089 1253 1301 1309 Caesaris,
1337 1256 1381 1296 et
1410 1256 1459 1295 tu

315 1324 499 1368 Caesare
530 1326 611 1368 sub
642 1339 801 1381 magno
832 1340 934 1367 cura
965 1325 1154 1367 secunda
1183 1325 1312 1367 fores.

253 1395 370 1438 Nam
400 1397 600 1453 quotiens
630 1397 844 1440 Mutinam
874 1398 951 1438 aut
980 1396 1127 1438 ciuilia
1156 1396 1286 1438 busta
1315 1395 1540 1450 Philippos

315 1468 406 1510 Aut
435 1482 632 1511 canerem
664 1467 834 1511 Siculae
864 1467 1046 1510 classica
1075 1467 1191 1509 bella
1220 1466 1351 1522 fugae

255 1538 530 1593 Euersosque
560 1539 683 1582 focos
714 1539 917 1595 antiquae
948 1539 1092 1594 gentis
1119 1537 1351 1593 Etruscae,

195 1621 243 1652 30
313 1610 406 1652 Aut
434 1609 676 1652 Ptolomaei
705 1610 836 1652 litora
865 1612 996 1663 capta
1023 1609 1156 1651 Phari

254 1680 315 1724 Et
344 1695 542 1723 canerem
572 1679 759 1735 Coptum
790 1683 833 1722 et
862 1679 1031 1735 Nilum,
1061 1694 1159 1722 cum
1190 1682 1358 1722 atratus
1389 1680 1436 1722 in
1466 1680 1615 1722 urbem

314 1750 490 1806 Septem
521 1751 705 1806 captiuis
736 1751 890 1793 debilis
920 1751 1015 1793 ibat
1049 1751 1191 1806 aquis,

252 1822 343 1864 Aut
371 1836 522 1879 regum
552 1822 718 1865 auratis
750 1822 1011 1865 circumdata
1042 1823 1154 1865 colla
1182 1822 1365 1877 catenis,

230 1975 321 2012 Vnt.
340 1989 440 2012 ωσι.
486 1980 528 2011 11
549 1975 627 2011 iam
638 1986 718 2021 eqo:
731 1987 815 2011 cum
829 1978 855 2009 0
868 1977 1148 2020 compescentes
1162 1976 1221 2020 (=
1234 1974 1347 2010 ualde
1360 1986 1451 2019 pose
1462 1976 1477 2020 )
1490 1975 1662 2019 exemplis

134 2038 234 2071 caret
249 2036 253 2079 ᾖ
269 2046 467 2080 sompnum
484 2038 575 2077 A13
602 2046 753 2070 somnus
773 2045 795 2072 ς
812 2036 827 2079 Ι
846 2039 890 2070 14
909 2034 1013 2070 Tunc
1033 2037 1122 2068 Ar:
1141 2034 1238 2069 Tum
1251 2034 1359 2069 ceteri
1378 2036 1384 2079 Ι
1404 2034 1549 2079 yliadas
1568 2036 1639 2067 Ar

137 2098 184 2129 15
207 2093 362 2139 quiquid
379 2097 411 2128 A
445 2095 459 2139 ι
496 2098 540 2130 16
564 2092 736 2139 hystoria
759 2097 790 2127 A
807 2096 840 2128 1(
874 2095 888 2138 Ι
920 2098 962 2129 17
988 2097 1163 2128 mecenas
1184 2097 1215 2127 n
1244 2095 1259 2139 ι
1290 2098 1333 2129 19
1357 2087 1510 2138 t'ytanas
1534 2095 1565 2126 A
1588 2091 1663 2127 thi-

135 2153 245 2188 tanas
267 2155 297 2187 r
322 2154 330 2198 Ι
358 2153 493 2200 Ossan]
518 2154 627 2199 tytan
650 2156 682 2187 A
704 2152 830 2188 thitan
853 2156 882 2186 r
908 2155 1014 2198 (corr.
1039 2164 1110 2198 my.
1133 2164 1179 2189 m.
1204 2153 1448 2198 2)101impo
1473 2154 1549 2185 Al?
1574 2153 1587 2196 Ι
1616 2155 1663 2186 20

135 2211 723 2259 ImpositumDV21mpositam
747 2214 875 2245 Aru
903 2212 917 2255 Ι
946 2215 990 2246 21
1024 2211 1206 2247 Necnv
1229 2215 1263 2247 et
1286 2215 1318 2245 B
1344 2214 1351 2256 1
1377 2211 1545 2256 pergil(
1574 2212 1588 2255 Ι
1617 2215 1662 2246 22

136 2269 265 2305 Xersis
287 2272 320 2304 A
334 2273 364 2304 r
381 2273 415 2304 Π
438 2270 598 2306 Xerxiue
622 2270 750 2315 (Xerxi
773 2271 852 2314 aut)
875 2269 1034 2315 imperio
1058 2270 1319 2306 Lachmannus
1339 2275 1345 2313 Ι
1374 2281 1505 2315 coysse
1527 2273 1557 2304 P
1580 2272 1594 2315 Ι
1618 2274 1662 2305 23

138 2329 279 2375 cartag.
297 2331 368 2363 Ar
391 2328 586 2374 karthaffis
603 2333 633 2363 D
651 2331 665 2373 Ι
682 2333 729 2363 24
754 2328 1014 2374 Cymborumq;
1039 2332 1070 2363 A
1090 2329 1340 2374 Cimborumq;
1364 2332 1393 2363 r
1412 2330 1469 2374 (in
1486 2330 1553 2364 hoc
1570 2340 1661 2364 corr.

135 2398 183 2423 n.
210 2389 269 2433 2);
295 2386 572 2422 Cimbrorumue
597 2387 860 2423 Lachmamus
886 2388 891 2433 Q
912 2387 1047 2430 iminas
1070 2392 1102 2423 A
1125 2390 1201 2434 127
1239 2388 1415 2434 quociens
1439 2391 1470 2422 A
1487 2389 1501 2433 Ι
1518 2392 1565 2423 30
1588 2389 1666 2423 Aut

136 2445 364 2482 Schradenoe
395 2446 456 2490 (cf.
481 2457 519 2481 ιι.
545 2448 621 2489 31)=
652 2446 702 2481 Et
725 2449 751 2480 0
796 2447 803 2491 1
842 2446 1071 2482 tholomenei
1095 2451 1127 2482 A
1143 2451 1172 2481 r
1203 2446 1429 2492 ptolomenei
1452 2451 1485 2482 Π
1516 2447 1662 2492 ptholo-

136 2506 260 2542 menei
276 2508 308 2539 V
330 2505 568 2551 ptholomeae
586 2509 616 2539 1)
640 2505 901 2542 Pwlcmaeeae
924 2507 1036 2552 uulyo
1057 2508 1111 2550 (at
1128 2508 1174 2550 cf.
1194 2507 1483 2552 Her-taberyius);
1506 2507 1663 2550 formam

135 2587 295 2624 Ptolom.
327 2589 475 2624 reduxit
504 2588 551 2623 L.
584 2588 788 2623 Manem
824 2588 832 2635 ι
868 2571 941 2624 aii
964 2592 993 2622 r
1018 2566 1102 2635 ffari
1125 2592 1157 2623 A
1191 2591 1205 2634 ι
1246 2593 1290 2624 31
1335 2589 1385 2624 Et
1418 2589 1660 2624 Sci-rudem:

134 2645 215 2683 Aut
237 2650 263 2681 0
284 2647 292 2693 Ι
311 2658 459 2688 canerm
482 2650 511 2681 F
532 2649 538 2690 Ι
560 2646 720 2692 Coptum
748 2648 897 2692 scripsi:
929 2650 1083 2693 cyptum
1106 2651 1139 2683 A
1155 2651 1187 2682 Π
1218 2648 1360 2693 ciptum
1392 2650 1428 2693 (c
1451 2649 1494 2683 in
1517 2660 1544 2694 g
1567 2659 1659 2682 corr.

135 2717 183 2742 ιι.
206 2708 248 2751 2)
270 2709 300 2740 Ι
330 2717 485 2751 cyprum
508 2710 538 2739 1)
556 2708 588 2739 V
612 2705 826 2751 Aegyptum
854 2707 966 2752 wulqo
985 2718 1125 2752 praue,
1150 2718 1282 2751 canere
1312 2706 1515 2753 inciperem
1540 2706 1660 2741 Lach-

137 2775 296 2800 nanmoe
333 2764 341 2810 Ι
378 2764 479 2810 cum]
505 2764 526 2801 ὃ
550 2767 579 2798 r
603 2775 649 2800 m.
675 2767 696 2799 1
722 2766 761 2808 (ῑΞ
778 2781 824 2795 =
843 2776 928 2802 cum
951 2767 996 2811 A)
1041 2768 1048 2809 Ι
1092 2767 1234 2802 atratus
1258 2767 1392 2811 scripsi
1416 2767 1541 2810 (Mese.
1570 2765 1658 2801 Orit.

134 2833 176 2868 p.
201 2825 280 2866 83):
303 2824 486 2858 attractus
510 2825 541 2856 A
559 2825 591 2857 Π
615 2823 822 2859 attactam
845 2827 873 2858 B
897 2826 1039 2860 tractus
1062 2829 1093 2859 1)
1111 2828 1142 2859 V
1165 2827 1180 2871 Ι
1202 2830 1248 2861 33
1273 2827 1383 2860 aurat
1405 2828 1452 2869 A,
1477 2828 1505 2858 1²
1531 2836 1575 2858 m.
1600 2827 1621 2858 1
1651 2829 1655 2869 1

139 2881 308 2917 cathenis
331 2884 363 2916 A
379 2885 409 2916 1)
1087 2878 1089 2880 ’
