1898 3190
609 164 871 201 Pnorssm'u
894 163 983 200 Lm.
1009 163 1072 199 Ν.
1094 154 1132 199 ’7.
1610 159 1695 201 179

347 271 544 315 Murmur
574 273 628 315 ad
659 275 875 316 extremae
904 287 1044 328 nuper
1072 272 1255 314 humata
1283 270 1401 325 uiae,

253 341 398 386 5Cum
428 343 534 386 mihi
566 358 743 386 somnus
775 344 830 386 ab
861 343 1051 399 exequiis
1082 342 1289 398 penderet
1318 341 1496 395 amoris,

346 414 407 456 Et
437 428 637 470 quererer
666 415 767 456 lecti
797 414 956 471 frig-ida
985 428 1121 470 regna
1149 414 1248 456 mei.

290 485 476 528 Eosdem
508 485 663 528 habuit
694 500 856 540 secum,
887 486 1042 540 quibus
1073 487 1141 527 est
1171 485 1303 539 elata,
1334 484 1532 539 capillos,

346 556 536 599 Eosdem
565 557 733 600 oculos:
763 557 892 599 lateri
922 556 1056 598 uestis
1089 556 1243 598 adusta
1272 555 1374 611 fuit,

288 627 349 669 Et
378 627 555 669 solitum
584 627 722 682 digito
752 627 954 683 beryllon
985 626 1189 669 adederat
1218 626 1352 683 ignis.

231 710 276 741 ιο
349 696 608 754 Summaque
638 697 850 740 Lethaeus
880 698 1065 740 triuerat
1094 712 1171 739 ora
1200 697 1353 751 liquor.

290 767 585 825 Spirantisque
617 770 785 812 animos
816 771 861 811 et
889 783 1040 811 uocem
1070 768 1208 823 misit,
1238 770 1283 810 et
1311 768 1378 809 illi

346 840 582 883 Pollicibus
611 841 790 897 fragiles
819 841 1068 895 increpuere
1098 853 1271 881 manus:

289 910 496 967 ‘Perfide‚
525 926 605 954 nec
636 912 835 967 cuiquam
866 911 1019 952 melior
1049 910 1259 965 sperande
1289 910 1476 965 puellae,

346 981 399 1023 In
429 984 473 1024 te
503 983 591 1024 iam
621 983 735 1024 uires
767 996 943 1024 somnus
973 981 1134 1023 habere
1163 981 1338 1036 potest?

232 1064 276 1096 15
288 1052 436 1095 Iamne
466 1053 549 1095 tibi
579 1053 829 1095 exciderunt
857 1052 1058 1108 uigilacis
1088 1054 1206 1093 tecta
1238 1050 1431 1093 Suburae

346 1123 407 1166 Et
435 1138 533 1165 mea
561 1123 786 1165 nocturnis
816 1123 923 1165 trita
953 1123 1145 1164 fenestra
1176 1121 1316 1164 dolis?

290 1194 373 1238 Per
404 1210 533 1251 quam
564 1194 750 1236 demisso
782 1194 981 1249 quotiens
1011 1194 1094 1236 tibi
1124 1193 1227 1236 fune
1257 1193 1461 1249 pependi,

349 1267 532 1309 Alterna
561 1266 740 1309 ueniens
770 1266 817 1307 in
846 1268 924 1308 tua
954 1265 1068 1307 colla
1097 1265 1247 1308 manu!

291 1336 429 1392 Saepe
459 1335 606 1380 Venus
636 1337 768 1379 triuio
801 1336 1032 1379 commissa
1062 1338 1130 1378 est
1159 1338 1334 1391 pectore
1366 1336 1520 1390 mixto,

230 1419 277 1452 20
347 1408 561 1451 Fecerunt
589 1409 758 1464 tepidas
788 1407 988 1463 furtaque
1017 1410 1168 1450 nostra
1198 1407 1303 1449 uias.

285 1478 492 1522 Foederis
522 1480 607 1522 heu
636 1479 781 1534 taciti,
812 1479 933 1521 cuius
963 1478 1136 1521 fallacia
1166 1478 1298 1520 uerba

347 1549 450 1592 Non
480 1550 667 1593 audituri
690 1549 912 1605 *diripuere
943 1548 1068 1592 Noti!

290 1620 352 1663 At
382 1621 489 1663 mihi
518 1636 608 1664 non
638 1621 787 1663 oculos
818 1620 1047 1675 quisquam
1077 1620 1332 1662 inclamauit
1362 1621 1521 1662 euntis:

348 1692 493 1735 Unum
524 1692 806 1747 inpetrassem
835 1693 880 1732 te
910 1693 1140 1733 reuocante
1171 1691 1295 1733 diem.

229 1773 276 1806 25
290 1763 382 1805 Nec
412 1763 579 1817 crepuit
608 1763 696 1804 fixa
726 1776 795 1803 me
825 1764 1006 1816 propter
1035 1761 1244 1803 arundine
1274 1763 1440 1816 custos,

348 1832 495 1875 Laesit
524 1836 569 1875 et
600 1833 815 1875 abiectum
845 1832 994 1888 tegula
1023 1834 1146 1875 curta
1175 1834 1315 1887 caput.

266 2044 358 2082 Vm
382 2057 481 2082 mc‘r.
531 2048 554 2079 4
579 2044 742 2080 Mamor
765 2047 797 2078 V
820 2055 867 2080 m.
892 2048 918 2081 2
943 2044 1113 2091 Margine
1138 2045 1178 2080 in
1202 2054 1224 2082 ς
1251 2045 1265 2089 ΙΙ
1292 2047 1314 2079 5
1339 2043 1387 2079 ab
1412 2045 1578 2090 exequiis
1602 2056 1697 2081 som-

171 2114 241 2140 nus
264 2106 296 2138 V
319 2114 365 2140 m.
383 2105 411 2138 2
433 2104 527 2149 siyn.
553 2114 678 2148 appas.
700 2105 706 2149 Ι
729 2114 873 2139 amores
890 2106 923 2137 Π
948 2115 1097 2139 amarus
1118 2104 1315 2140 Liuineius
1332 2105 1345 2149 Ι]
1364 2107 1385 2139 6
1404 2106 1576 2148 quereret
1599 2108 1627 2138 12
1645 2105 1658 2150 u
1677 2109 1696 2140 7

171 2161 339 2198 Eosdem
351 2165 377 2196 0
391 2162 439 2206 (et
450 2165 496 2206 Η)
519 2162 524 2209 Ι
540 2161 674 2206 quibus
694 2162 734 2196 et
752 2161 880 2206 elapsa
891 2165 930 2206 1³,
950 2173 1043 2197 corr.
1061 2174 1129 2208 my.
1148 2174 1195 2199 m.
1214 2165 1242 2199 2
1259 2162 1263 2209 Ι
1280 2162 1427 2207 capillis
1446 2167 1474 2196 r
1492 2166 1525 2197 R
1542 2165 1555 2209 u
1573 2166 1595 2198 8
1609 2164 1699 2199 Eos-

173 2221 260 2257 dem
276 2224 326 2256 11:
344 2220 508 2256 Eosdem
522 2224 547 2255 0
565 2222 579 2267 u
597 2225 618 2256 9
638 2220 799 2256 berillon
813 2223 856 2255 0:
880 2221 1087 2266 berylloslff
1107 2225 1112 2266 Ι
1135 2222 1315 2258 adederat
1330 2225 1358 2255 F
1371 2225 1403 2256 Ν
1422 2225 1467 2267 (V
1486 2234 1555 2268 my.
1573 2234 1619 2258 m.
1638 2226 1698 2268 2):

175 2280 366 2316 ademerat
383 2284 412 2314 Ι)
426 2283 456 2314 V
473 2281 488 2325 Ι
507 2285 551 2316 10
568 2279 714 2315 letheus
734 2283 759 2314 0
781 2282 787 2324 l
807 2280 971 2316 tinxerat
990 2292 1023 2317 ο.
1043 2282 1144 2317 color
1163 2282 1390 2317 Schraderus
1413 2282 1426 2326 Ι]
1453 2286 1494 2316 11
1515 2282 1641 2317 malim
1659 2282 1699 2317 in

172 2350 302 2375 uocem
334 2340 340 2383 Ι
374 2340 413 2374 et
436 2339 630 2374 Heinsius:
657 2340 698 2374 at
722 2342 747 2373 0
788 2340 802 2384 n
845 2343 888 2374 13
915 2340 1126 2386 Sperandae
1149 2345 1178 2375 1)
1206 2342 1253 2386 (et
1276 2342 1318 2376 in
1342 2343 1375 2374 Π
1399 2343 1432 2375 et
1455 2341 1499 2375 in
1522 2344 1553 2375 V
1578 2342 1699 2376 cauda

172 2400 239 2435 sub
264 2410 285 2434 e
310 2400 430 2444 erasa)
455 2397 647 2443 speranda
670 2402 701 2432 V
724 2410 771 2434 m.
794 2402 822 2435 2
851 2400 864 2444 Π
895 2403 940 2435 15
964 2400 1178 2435 exciderant
1203 2403 1247 2444 0,
1273 2411 1365 2436 corr.
1390 2399 1555 2445 Scaliger
1575 2400 1582 2445 Ι
1602 2399 1698 2445 uigi-

173 2457 268 2494 lacis
291 2458 334 2493 in
357 2457 551 2503 uigilantis
576 2468 668 2493 corr.
693 2469 739 2492 m.
764 2460 791 2494 2
814 2462 843 2492 r
864 2459 870 2503 Ι
890 2459 992 2494 tecta
1011 2462 1052 2494 0:
1077 2459 1177 2494 furta
1195 2462 1226 2493 V
1244 2470 1311 2504 my.
1331 2470 1378 2495 m.
1396 2461 1440 2504 2,
1458 2461 1491 2492 Π
1511 2461 1517 2503 1
1538 2458 1698 2494 suburae

174 2541 252 2585 (rae
276 2541 320 2575 in
343 2541 432 2584 rac.)
457 2543 488 2573 V
514 2523 632 2587 subu}
656 2543 704 2574 K:
729 2540 862 2584 subure
885 2544 914 2575 P
938 2541 1060 2577 subire
1083 2546 1112 2576 1)
1131 2543 1144 2587 fl
1165 2546 1207 2577 17
1232 2541 1305 2577 tibi
1327 2541 1415 2577 fune
1440 2542 1483 2576 in
1506 2552 1580 2577 ras.
1605 2553 1650 2577 m.
1671 2544 1697 2576 2

173 2599 235 2644 V}
254 2603 297 2634 19
322 2598 452 2644 triuio]
478 2600 598 2633 tremo
622 2601 668 2642 13,
694 2609 785 2635 corr.
810 2610 879 2645 my.
904 2611 949 2637 m.
975 2603 1002 2636 2
1023 2603 1029 2645 Ι
1051 2600 1249 2636 commissa
1273 2610 1311 2638 ςε
1338 2601 1540 2636 commixta
1559 2604 1584 2634 0
1611 2603 1698 2644 (-sta

171 2658 216 2703 F)
236 2662 243 2703 Ι
263 2658 376 2693 misto
399 2661 428 2691 F
464 2659 476 2703 u
512 2661 559 2693 20
583 2657 750 2702 trepidas
772 2662 802 2692 D
820 2662 852 2693 V
889 2660 896 2705 Ι
934 2659 1107 2705 furtaque
1131 2661 1281 2704 scripsi:
1314 2662 1468 2705 pectora
1493 2663 1519 2693 0
1543 2658 1644 2705 palia
1669 2662 1697 2692 r

172 2727 241 2762 my.
266 2728 313 2752 m.
338 2719 365 2752 2
388 2716 507 2762 pallia
530 2719 560 2750 V
583 2727 653 2761 my.
677 2728 723 2752 m.
748 2719 792 2761 2,
815 2721 862 2760 13
887 2718 1003 2762 fuisse
1024 2720 1091 2764 qui
1114 2718 1257 2764 proelia
1279 2719 1402 2754 mallet
1430 2722 1564 2754 narrat
1588 2718 1696 2753 Luct-

171 2776 356 2811 iohamms
379 2775 392 2820 ΙΙ
417 2779 461 2810 22
492 2774 600 2810 nothi
623 2777 651 2808 F
669 2778 702 2808 Ἡ
736 2776 750 2821 ΙΙ
780 2779 824 2811 23
850 2777 977 2813 oculos
1002 2789 1047 2813 ex
1071 2778 1187 2813 oculis
1211 2790 1256 2813 m.
1282 2782 1303 2813 1
1330 2781 1361 2811 R
1382 2780 1387 2822 Ι
1409 2776 1629 2812 inclamauit
1652 2780 1696 2812 0:

172 2833 370 2869 inclinauit
394 2845 416 2871 ς
445 2835 451 2879 ι
472 2824 620 2868 hiante‘s
647 2833 826 2870 Heinsius
842 2835 857 2881 ι
873 2839 921 2871 24
942 2836 1090 2882 impetr.
1115 2842 1144 2871 n
1162 2840 1196 2870 x
1213 2840 1243 2870 v
1260 2838 1274 2882 ιι
1291 2841 1336 2871 25
1363 2837 1436 2872 fixa
1458 2840 1487 2869 r
1511 2838 1556 2879 (v
1573 2847 1618 2871 m.
1638 2837 1695 2879 2):

173 2893 259 2928 fissa
282 2897 311 2926 1)
329 2895 379 2936 Ν,
403 2895 435 2926 V
458 2903 504 2927 m.
530 2895 550 2926 1
581 2893 596 2936 {l
630 2895 676 2927 26
702 2894 746 2928 ut
769 2893 948 2931 Heinsius
967 2896 974 2941 1
995 2895 1184 2932 abiectum
1209 2905 1231 2932 ς
1257 2894 1650 2941 Guyetusz.obiectum
1670 2897 1696 2928 0

1342 2952 1413 2988 12*
