1898 3190
266 134 320 175 18
765 135 1025 172 PROPERTII
1050 107 1139 172 Lm.
1165 138 1192 172 Ι.
1221 141 1275 173 11.

986 318 1066 366 ΧΙ.

380 432 548 487 Ecquid
578 435 621 474 te
652 433 804 475 mediis
837 436 1095 489 cessantem,
1127 433 1335 490 Cynthia,
1365 435 1487 490 Bais,

442 502 535 552 Qua
566 504 678 546 iacet
709 503 934 547 Herculeis
968 505 1122 547 semita
1154 505 1375 561 litoribus,

379 574 438 616 Et
470 575 597 617 modo
631 575 864 630 Thesproti
895 576 1123 617 mirantem
1151 576 1329 618 subdita
1360 590 1493 632 regno

439 646 498 687 Et
529 647 655 689 modo
688 647 868 688 Misenis
902 661 1088 701 aequora
1118 646 1359 701 nobilibus,

346 716 531 759 5N0stri
564 732 665 759 cura
699 717 815 759 subit
846 731 1057 759 memores
1090 717 1131 758 a!
1165 717 1316 759 ducere
1347 717 1526 759 noctes?

440 788 600 843 Ecquis
632 789 678 830 in
709 790 898 830 extremo
930 790 1068 830 restat
1099 802 1242 830 amore
1274 786 1423 830 locus?

380 859 452 901 An
482 862 525 902 te
555 860 700 902 nescio
733 860 828 914 quis
860 859 1072 901 simulatis
1102 859 1277 915 ignibus
1307 859 1446 902 hostis

441 929 626 972 Sustulit
659 945 681 972 e
712 931 894 984 nostris,
927 929 1130 984 Cynthia,
1163 929 1459 972 carminibus?

382 1000 525 1056 Atque
556 1001 722 1043 utinam
755 1014 880 1056 mage
912 1003 955 1042 te
987 1002 1116 1043 remis
1150 1001 1311 1043 confisa
1341 1000 1518 1043 minutis

323 1082 366 1113 10
441 1071 627 1113 Paruula
660 1071 845 1113 Lucrina
875 1072 1028 1127 cymba
1059 1074 1249 1114 moretur
1280 1087 1409 1128 aqua,

380 1142 470 1184 Aut
500 1145 647 1185 teneat
677 1143 869 1185 clausam
900 1143 1020 1184 tenui
1054 1142 1334 1185 Teuthrantis
1367 1143 1413 1184 in
1444 1143 1560 1185 unda

441 1213 644 1255 Alternae
676 1214 817 1256 facilis
849 1213 998 1256 cedere
1029 1214 1207 1269 lympha
1238 1229 1388 1269 manu,

381 1285 520 1335 Quam
552 1287 677 1327 uacet
708 1285 885 1327 alterius
917 1285 1098 1327 blandos
1131 1285 1278 1327 audire
1309 1300 1505 1328 susurros

439 1356 634 1399 Molliter
663 1357 708 1399 in
740 1357 873 1400 tacito
905 1357 1033 1400 litore
1065 1357 1371 1414 compositam,

323 1438 364 1469 15
379 1428 440 1471 Ut
471 1428 584 1470 solet
615 1430 760 1470 amoto
792 1428 880 1470 labi
913 1428 1088 1471 custode
1119 1428 1263 1483 puella

440 1499 629 1551 Perfida,
661 1514 908 1542 communes
939 1514 1018 1542 nec
1048 1499 1294 1541 meminisse
1325 1499 1446 1554 deos3

379 1570 480 1613 Non
512 1571 612 1625 quia
644 1573 867 1626 perspecta
897 1586 984 1614 non
1017 1585 1061 1613 es
1093 1571 1199 1613 mihi
1230 1571 1405 1627 cognita
1434 1569 1569 1626 fama,

357 1748 448 1783 VAR.
476 1760 574 1783 mor.
642 1748 703 1785 XI.
753 1748 867 1783 Noua
898 1748 1010 1793 eleyia
1042 1758 1123 1782 cum
1152 1747 1260 1782 titulo
1291 1747 1339 1782 ad
1371 1746 1560 1792 cynthiam
1591 1747 1633 1782 in
1658 1749 1683 1781 0
1719 1748 1732 1793 n
1769 1751 1787 1782 1

261 1807 403 1853 Ecquid
428 1811 455 1841 F
486 1819 531 1844 m.
558 1811 583 1843 2
610 1818 630 1842 e
651 1805 677 1842 C
711 1805 801 1851 quid
833 1805 873 1851 (O
906 1818 950 1841 ωε
981 1818 1071 1842 corr.
1099 1818 1144 1842 m.
1171 1808 1211 1852 2)
1242 1809 1289 1841 V:
1327 1806 1376 1842 Et
1413 1806 1503 1851 quid
1529 1809 1553 1840 0
1594 1807 1599 1851 Ι
1638 1806 1719 1842 bais
1745 1810 1788 1842 0:

260 1866 354 1902 baiis
386 1877 407 1904 ς
449 1867 462 1912 ΙΙ
505 1871 525 1901 3
569 1865 754 1911 thesproti
778 1868 808 1899 A
826 1869 914 1900 FN:
951 1865 1135 1910 tespronti
1166 1870 1194 1899 D
1213 1869 1243 1899 V
1281 1867 1337 1911 (irc
1366 1866 1431 1901 hoe
1455 1877 1480 1900 n
1509 1876 1555 1900 m.
1581 1869 1607 1902 2
1638 1866 1719 1911 del.)
1751 1867 1790 1901 te

261 1925 470 1971 Prochytae
496 1925 753 1961 Sannazarius
777 1926 815 1959 te
840 1923 967 1960 Protei
986 1925 1228 1969 Parrhasius3
1255 1928 1293 1960 at
1317 1925 1362 1969 cf.
1384 1925 1524 1971 Hyyin.
1544 1925 1620 1968 fab.
1647 1928 1714 1961 88:
1740 1925 1788 1960 ad

260 1996 388 2031 regem
413 1985 680 2030 Thesprotum,
715 1984 780 2019 ubi
804 1984 907 2019 lacus
932 1984 1100 2019 Auernus
1132 1984 1270 2019 dicitur
1299 1995 1397 2030 esse,
1435 1994 1527 2029 quae
1556 1983 1687 2028 uerba,
1724 1984 1790 2019 etsi

260 2048 347 2080 swnt
383 2045 551 2080 emblema
582 2044 680 2079 docti
711 2044 867 2088 lectoris,
904 2046 1024 2079 tamen
1054 2044 1185 2079 ueteris
1215 2044 1374 2079 alicuius
1409 2043 1559 2087 fabulae
1594 2043 1789 2088 uestiyium

261 2105 430 2139 indicant
465 2105 478 2149 ΙΙ
514 2107 536 2138 4
575 2103 624 2138 Et
647 2103 758 2138 modo
784 2112 822 2147 ς,
849 2102 1028 2147 Scaliyer:
1060 2102 1233 2138 Proxima
1259 2106 1284 2136 0
1309 2113 1327 2138 e
1349 2103 1485 2149 ylossa3
1511 2103 1556 2147 cf.
1586 2101 1751 2149 Proleyy.
1781 2103 1786 2150 Ι

262 2162 412 2198 misenis
438 2166 468 2196 V
486 2166 534 2197 N:
562 2162 733 2198 miscenis
759 2165 788 2196 A
815 2165 855 2206 (Ε
879 2173 925 2198 m.
951 2165 977 2198 2
1003 2163 1087 2207 my.)
1113 2161 1288 2198 misteriis
1313 2166 1340 2196 Ε
1364 2161 1552 2207 mysteriis
1577 2165 1606 2195 1>
1635 2163 1649 2207 ΙΙ
1680 2164 1701 2197 5
1739 2161 1788 2197 ah

261 2222 395 2257 ducere
427 2221 606 2266 Scaliyer:
642 2221 824 2257 adducere
851 2224 875 2254 0
919 2222 931 2266 ΙΙ
973 2225 994 2256 6
1031 2221 1082 2256 Et
1111 2221 1194 2266 quis
1219 2225 1262 2266 0,
1293 2231 1383 2256 corr.
1416 2222 1459 2256 in
1482 2224 1512 2254 V
1546 2224 1580 2256 et
1603 2224 1630 2254 Ε
1655 2231 1700 2256 m.
1725 2223 1752 2256 2
1781 2220 1785 2267 Ι

262 2282 414 2317 externo
441 2281 532 2316 coni.
560 2280 792 2316 Passeratius
820 2282 824 2325 Ι
847 2280 1006 2316 mostrat
1029 2284 1074 2326 Ε,
1100 2291 1191 2315 corr.
1217 2291 1262 2316 m.
1288 2282 1314 2316 2
1343 2281 1349 2326 Ι
1381 2279 1422 2315 in
1447 2280 1612 2315 extremo
1637 2280 1788 2325 pectore

262 2341 379 2376 restat
403 2351 508 2376 amor
533 2340 624 2375 coni.
652 2339 935 2383 Heimreichius,
961 2350 1043 2374 uere
1068 2340 1110 2374 πο·
1133 2340 1245 2383 fallor
1287 2340 1299 2384 ΙΙ
1343 2343 1362 2374 7
1406 2339 1542 2384 hospes
1566 2339 1659 2375 coni.
1684 2339 1788 2375 Fon—

261 2400 396 2434 teim'us
437 2400 450 2444 ss
492 2402 513 2434 8
559 2398 744 2435 Substulit
773 2402 817 2442 Ε;
856 2397 1024 2433 Abstulit
1061 2399 1153 2434 coni.
1187 2398 1408 2434 Fonteiniws
1453 2400 1458 2443 Ι
1505 2398 1670 2444 cynthya
1702 2401 1733 2432 A
1779 2398 1784 2446 Ι

262 2458 466 2493 luminibus
494 2458 744 2493 Marklandus
769 2460 802 2493 et
828 2457 1049 2493 Fonteinius
1066 2459 1078 2503 ss
1097 2461 1118 2492 9
1143 2459 1182 2493 te
1207 2457 1317 2492 temis
1341 2460 1369 2491 Ε
1393 2468 1438 2492 m.
1464 2461 1485 2492 1
1505 2458 1518 2502 ΙΙ
1539 2461 1582 2492 10
1607 2458 1785 2504 moretur]

261 2521 291 2551 V
317 2529 384 2563 my.
410 2529 455 2553 m.
482 2521 507 2554 2
540 2518 708 2552 moueret
749 2517 761 2561 ΙΙ
807 2520 848 2551 11
892 2518 1034 2552 terreat
1057 2520 1084 2550 Ε
1117 2518 1222 2562 (corr.
1255 2527 1325 2562 my.
1350 2528 1395 2551 m.
1421 2517 1462 2561 2)
1501 2518 1507 2559 Ι
1547 2515 1788 2553 Teuthrantis

262 2577 426 2622 Scaliyer
463 2575 676 2622 (teutrantis
701 2579 730 2609 V
761 2587 806 2610 m.
838 2578 897 2620 2);
935 2575 1115 2611 tentantis
1146 2580 1174 2610 D
1193 2579 1240 2621 V,
1265 2579 1293 2610 Ε
1330 2587 1376 2611 m.
1401 2578 1428 2612 2
1461 2578 1494 2610 et
1523 2578 1571 2619 N,
1607 2574 1787 2611 tuetamtis

262 2639 291 2669 A
311 2640 338 2669 Ε
377 2635 566 2681 (metantis
603 2638 634 2668 V
671 2646 738 2680 my.
774 2646 819 2670 m.
857 2636 916 2680 2);
953 2635 1143 2680 uulyatam
1180 2645 1397 2680 quamquam
1433 2633 1599 2678 exhibui,
1641 2634 1788 2670 minime

262 2699 383 2731 tamen
420 2698 592 2730 sanatum
623 2695 738 2729 locum
764 2696 873 2739 puto,
905 2705 1007 2739 quem
1037 2695 1090 2728 sic
1117 2694 1240 2738 potius
1271 2693 1330 2738 (cf.
1359 2692 1539 2738 Proleyy.)
1570 2693 1787 2728 restituerint

263 2754 428 2790 clausam
454 2754 492 2789 te
517 2753 580 2788 uix
605 2752 772 2788 fiutantis
797 2752 936 2787 Auerni
971 2752 984 2797 ΙΙ
1023 2756 1065 2787 12
1091 2752 1195 2787 facili
1219 2755 1248 2785 A
1267 2755 1295 2785 Ε
1327 2753 1332 2797 1
1365 2750 1510 2796 limpha.
1534 2753 1565 2784 A
1582 2755 1610 2784 D
1629 2755 1657 2785 Ε
1692 2752 1706 2796 ΙΙ
1743 2755 1785 2786 13

262 2812 416 2848 alternis
440 2815 471 2845 V
495 2824 541 2848 m.
566 2816 592 2848 2
611 2813 624 2857 11
644 2815 686 2846 15
713 2813 838 2847 amoto
858 2816 886 2847 D
900 2814 946 2846 V:
973 2812 1100 2846 amota
1123 2814 1153 2845 A
1166 2814 1193 2844 Ε
1206 2814 1238 2844 Ν
1255 2812 1268 2855 ΙΙ
1288 2814 1330 2846 17
1355 2809 1523 2855 perfecta.
1540 2813 1569 2843 V
1587 2821 1656 2856 my.
1675 2822 1720 2846 m.
1741 2814 1783 2854 23

261 2874 477 2918 perspectae
499 2893 540 2898 -——
562 2872 684 2907 famae
710 2872 802 2906 com'.
830 2871 1081 2907 Marklandus
1102 2872 1107 2916 Ι
1130 2872 1187 2906 est
1209 2875 1238 2904 Ι)
1257 2873 1286 2904 V
1311 2871 1366 2915 (in
1390 2870 1455 2913 hoc
1479 2880 1570 2905 corr.
1596 2881 1640 2906 m.
1666 2871 1708 2916 2)
