1898 3190
717 170 1097 208 PROLEGOMENA.
1522 172 1677 208 XXXIX

149 280 336 338 partium
354 282 599 336 spectantes
618 281 726 323 mihi
744 282 917 335 praesto
936 279 1111 322 fuerunt
1128 279 1277 322 haece:
1307 279 1340 322 I.
1359 279 1415 322 H.
1432 279 1678 336 Vossius,

151 350 503 408 ‘Amnerlrungen
538 352 625 394 und
663 351 966 408 Randglossen
1000 365 1053 392 zu
1089 349 1303 393 Griechen
1340 352 1429 394 und
1465 351 1678 395 Romern'

149 421 362 479 (Lipsiae,
376 423 511 479 1838,
539 439 581 479 p.
611 423 699 466 260
717 423 817 478 sq.);
854 421 1006 464 Henr.
1036 421 1261 477 Keilius‚
1299 421 1548 466 ‘obseruatt
1587 424 1678 467 crit.

149 493 199 536 in
225 493 370 550 Prop.'
401 493 599 550 (Bonnae
634 492 784 549 1843);
816 492 977 535 Maur.
1007 492 1226 548 Hauptii
1257 493 1573 548 disputationes
1605 510 1678 537 ua·

147 565 239 608 riae
267 564 432 621 (opusc.
450 564 638 620 Ι-ΙΠ);
668 564 925 607 Robertus
950 564 1209 620 Ungerus,
1240 563 1469 607 Analecta
1497 565 1679 621 Proper-

147 634 282 678 tiana'
310 634 459 692 (Halis
495 635 630 691 1850)
668 635 943 690 eiusdemque
982 635 1356 678 emendationum
1386 635 1513 690 Prop.
1545 636 1679 691 speci-

147 706 263 750 men’
280 707 340 772 jn
370 709 694 763 programmate
718 706 1045 749 Friedlandensi
1072 721 1111 748 a.
1141 706 1275 761 18683
1313 705 1445 748 Guil.
1469 705 1678 749 Fische-

146 793 250 833 ru8‚
269 777 339 821 ‘do
361 778 469 821 locis
489 777 746 834 quibusdam
765 775 1076 832 Propertianis'
1098 776 1296 832 (Bonnae
1313 775 1465 833 1863);
1486 776 1679 820 Christ.

146 848 547 903 Heimreiehius,
593 847 799 904 quaestt.
838 846 987 903 Prop.'
1027 847 1225 902 (Bonnae
1266 847 1397 904 1863)
1434 851 1478 890 et
1521 847 1680 891 ‘nouae

146 922 331 976 quaestt.
359 918 508 975 Prop.'
544 917 709 976 (Symb.
756 919 906 973 philol.
940 918 1079 961 Bonn.
1111 933 1153 973 p.
1185 918 1468 975 669--684);
1510 919 1681 962 Peerl-

144 990 349 1046 kampii
378 990 432 1033 de
456 990 691 1046 elegiarum
716 990 868 1046 regina
892 990 1145 1044 opuseulum
1172 989 1507 1044 (Amstelodami
1535 990 1680 1048 1865),

144 1062 198 1104 de
214 1076 300 1118 quo
318 1061 373 1104 cf.
398 1061 446 1104 L.
463 1061 743 1104 Muellerus
763 1061 810 1103 in
828 1060 1096 1102 Fleckeiseni
1116 1075 1214 1102 ann.
1234 1075 1271 1102 a.
1295 1061 1407 1103 1866
1427 1076 1467 1116 p.
1486 1062 1573 1104 413
1589 1077 1679 1118 sqq.

145 1135 190 1176 et
226 1133 310 1176 ‘177
337 1147 445 1188 sqq.;
497 1132 674 1175 Bernh.
710 1131 1156 1187 Eschenburgius‚
1200 1130 1462 1174 ‘obseruatt
1501 1133 1596 1175 crit.
1634 1133 1679 1175 in

146 1203 290 1260 Prop.'
320 1202 518 1259 (Bonnae
552 1202 704 1259 1865);
741 1202 795 1245 Η,
821 1203 874 1245 A.
898 1202 1126 1245 Koehius
1165 1200 1333 1259 (Symb.
1364 1202 1511 1258 philol.
1542 1203 1679 1246 Bonn.

144 1290 188 1331 p.
205 1272 478 1331 321—329);
514 1273 703 1317 Christ.
729 1273 1142 1328 Luetiohannus,
1167 1273 1478 1316 ‘commentatt
1496 1273 1679 1329 Proper-

144 1344 311 1388 tianae'
343 1343 503 1402 (Kiliae
535 1345 662 1400 1869,
691 1345 746 1387 ad
776 1345 937 1387 librum
961 1344 1025 1387 IV
1055 1342 1356 1400 pertinentes);
1387 1343 1680 1401 Maduigius

148 1414 349 1472 (Aduers.
374 1414 480 1459 Crit.
503 1415 548 1458 H
571 1431 614 1471 p.
634 1416 691 1458 62
705 1414 835 1472 sqq.);
869 1415 953 1457 Ad.
979 1415 1353 1471 Kiesslingius,
1384 1414 1678 1459 ‘ooniectanea

144 1486 444 1543 Propertiana’
474 1486 864 1544 (Gryphiswaldiae
898 1487 1049 1544 1875);
1091 1488 1177 1531 Ed.
1209 1487 1679 1543 Heydenreichius,

145 1557 345 1614 ‘quaestu
368 1558 513 1614 Prop.'
546 1558 759 1615 (Dresdae
793 1559 927 1614 18753
959 1559 1011 1602 cf.
1044 1562 1087 1601 et
1118 1559 1172 1601 ad
1202 1559 1246 1601 H
1277 1559 1371 1614 34);
1403 1558 1523 1601 Rob.
1547 1558 1679 1601 Elli-

146 1629 257 1672 sius
275 1627 618 1685 (dissertationes
637 1630 948 1686 professorales
968 1630 1154 1674 uniuers.
1173 1629 1477 1672 Londiniensis
1504 1645 1541 1672 a.
1564 1630 1674 1672 1871

145 1700 264 1743 —72
302 1702 347 1743 et
380 1700 653 1757 1872—73);
684 1700 739 1743 H.
770 1701 822 1743 A.
853 1701 886 1743 I.
917 1700 1101 1743 Munro
1135 1700 1336 1757 (Journal
1367 1701 1416 1743 of
1444 1700 1675 1756 Philology

144 1771 211 1814 VI
228 1786 270 1827 p.
289 1770 501 1828 28—69);
534 1771 678 1814 Arth.
708 1771 911 1814 Palmer
941 1770 1006 1828 (in
1030 1771 1353 1814 Hermathenae
1384 1771 1670 1814 Dublinensis

145 1842 230 1885 uol.
259 1841 400 1897 I-—V‚
435 1843 690 1898 1873—7-7,
726 1842 861 1884 uariis
901 1841 1305 1899 disputationibus);
1342 1841 1490 1885 Conr.
1522 1842 1678 1884 Ross-

145 1913 374 1970 bergius,
405 1912 649 1956 ‘lucubratt
671 1913 811 1969 Prop.'
843 1912 1020 1970 (Stadae
1050 1914 1199 1970 1877);
1232 1913 1278 1957 C.
1298 1914 1347 1956 E.
1371 1913 1677 1956 Sandstroe-

147 1971 278 2026 mins
303 1982 551 2026 ‘emendatt
574 1984 618 2026 in
639 1984 927 2039 Propertium,
951 1983 1185 2040 Lucanum,
1210 1984 1434 2027 Valerium
1454 1983 1673 2027 Flaccum'

146 2053 358 2111 (Upsalae
398 2052 544 2111 1878).
598 2058 643 2097 et
683 2055 789 2097 haec
830 2055 1002 2111 quidem
1042 2056 1249 2111 opuscula
1288 2059 1460 2110 praeter
1503 2055 1677 2097 minora

146 2125 355 2180 quaedam
383 2125 430 2168 in
460 2127 669 2180 apparatu
699 2126 849 2169 critico
881 2126 969 2168 suis
1000 2126 1108 2168 loeis
1139 2130 1477 2169 commemorata
1508 2125 1670 2168 nostris

146 2195 411 2251 inspeximus
454 2196 609 2251 oeulis3
650 2212 789 2252 pauca
829 2197 916 2239 alia
958 2200 1034 2239 aut
1071 2197 1262 2239 nancisci
1302 2212 1391 2240 non
1435 2197 1556 2239 licuit
1600 2198 1676 2238 aut

148 2268 301 2322 utpote
348 2266 477 2322 plane
520 2268 691 2309 inutilia
704 2265 747 2324 *)
789 2267 963 2311 silentio
1011 2269 1354 2324 praetermittere
1402 2270 1468 2310 est
1519 2268 1675 2309 uisum.

241 2381 276 2426 ³)
301 2381 421 2417 ueluti
443 2382 664 2418 Kindseheri
688 2382 976 2429 disputationem
1002 2385 1111 2429 (Mus.
1135 2385 1253 2420 Rhen.
1279 2385 1396 2429 XVII)
1428 2385 1467 2419 et
1490 2384 1582 2427 eius,
1608 2384 1674 2428 qui

147 2439 359 2486 nuperrime
385 2440 653 2486 (Mnemosyne,
678 2441 751 2477 uol.
777 2442 858 2487 VII,
886 2446 988 2487 1879,
1013 2455 1050 2488 p.
1077 2446 1268 2488 98—108)
1304 2444 1403 2479 inter
1427 2443 1503 2478 alia
1526 2443 1675 2488 ineptis-

153 2498 249 2535 sima
271 2499 374 2544 (nam
397 2510 518 2544 panoe.
541 2499 753 2545 probabilia
777 2501 852 2536 iam
872 2502 1076 2538 anteriores
1095 2502 1342 2547 protulerant)
1362 2503 1459 2538 hunc
1480 2502 1673 2548 Propertio

151 2567 300 2594 amum
432 2604 472 2640 Si
495 2606 550 2649 tu,
576 2605 722 2652 hospes,
745 2608 902 2653 patiare,
927 2607 1025 2643 fiam
1050 2607 1182 2654 regina
1206 2608 1275 2643 sub
1301 2609 1389 2644 aula

152 2675 317 2710 obtrusit
346 2676 386 2711 et
417 2676 435 2710 Ι
468 2680 527 2720 10,
561 2681 605 2711 23
639 2676 776 2722 ‘petiit
803 2677 971 2724 ingrata’
1006 2679 1151 2714 scilicet
1180 2679 1291 2715 metri
1322 2680 1530 2725 corrigendi
1563 2691 1677 2715 causa

149 2735 272 2770 mutat
293 2734 447 2780 (quippe
465 2735 606 2771 talibus
631 2736 864 2772 homunculis
884 2738 1081 2773 Ritschelii
1107 2739 1145 2774 et
1162 2739 1391 2774 Lachmanni
1417 2751 1490 2774 non
1522 2738 1677 2784 scripse·

148 2795 260 2838 runt).
312 2803 537 2839 quamquam
561 2794 634 2830 hoc
658 2806 732 2830 non
755 2795 891 2831 mirum
916 2797 955 2831 in
991 2808 1037 2832 eo
1064 2798 1130 2842 qui
1149 2798 1311 2832 Statium
1338 2808 1511 2832 mensura
1538 2797 1672 2833 ‘imffi’

149 2864 257 2888 usum
301 2853 392 2889 feeit
422 2855 461 2889 et
484 2853 730 2889 cultissimum
754 2853 955 2900 Priapeum
980 2854 1128 2891 Tibullo
1153 2856 1382 2901 adscriptum
1414 2855 1675 2900 conspurcauit-

152 2911 220 2948 illo
249 2911 442 2957 ‘cauisque
460 2913 642 2949 seabra'..
659 2912 835 2949 dedecori
858 2913 952 2950 haec
976 2915 1095 2951 ueteri
1119 2915 1349 2951 Batauorum
1374 2914 1533 2961 gloriae!
