1898 3190
239 148 294 188 12
684 149 947 186 PROPERTH
971 150 1061 187 ΜΒ.
1086 153 1115 188 1.
1143 156 1174 190 τ.
1201 158 1232 190 ε.

415 258 537 308 Quod
567 258 703 301 nolim
734 260 911 306 nostros
943 258 1153 302 euiolasse
1185 261 1306 317 deos,

354 328 501 385 Longe
534 331 675 371 castra
705 329 804 385 tibi,
835 330 966 385 longe
997 331 1128 374 miser
1159 333 1334 388 agmina
1365 336 1529 389 septem

412 400 556 442 Flebis
588 400 633 442 in
665 402 840 443 aeterno
873 401 1004 443 surda
1034 402 1172 445 iacere
1204 404 1309 459 situ3

354 471 414 513 Et
445 471 608 514 frustra
640 472 784 528 cupies
817 472 992 515 mollem
1024 488 1279 529 componere
1310 490 1500 531 uersum,

295 552 339 584 20
413 541 505 584 Nec
536 542 618 585 tibi
650 543 834 586 subiciet
865 544 1056 586 carmina
1088 559 1207 587 serus
1238 545 1388 590 Amor.

355 613 465 655 Tum
496 629 563 656 me
594 629 682 657 non
713 615 922 657 humilem
954 617 1166 660 mirabere
1197 632 1324 673 saepe
1355 621 1546 674 poetam:

298 695 342 726 22
416 685 534 728 Tunc
565 700 645 741 ego
677 685 883 729 Romanis
915 687 1136 742 praeferar
1165 688 1363 744 ingeniis.

932 1031 1059 1081 VIII.

350 1147 470 1190 Tune
502 1148 638 1203 igiiur
669 1148 861 1202 demens,
893 1163 972 1191 nec
1003 1151 1046 1191 te
1077 1163 1173 1192 mea
1204 1164 1308 1193 cura
1337 1151 1559 1194 moratur?

410 1219 480 1260 An
511 1219 595 1261 tibi
626 1227 720 1261 sum
753 1219 897 1276 gelida
927 1221 1056 1263 uilior
1089 1221 1254 1276 Illyria,

347 1289 408 1332 Et
438 1289 521 1332 tibi
552 1290 640 1332 iam
671 1290 804 1346 tanti,
837 1291 1096 1348 quicumque
1128 1295 1211 1348 est,
1242 1293 1325 1335 iste
1357 1293 1546 1346 uidetur,

409 1360 471 1404 U'c
502 1361 594 1403 sine
626 1376 694 1403 me
725 1365 855 1404 uento
889 1362 1082 1417 quolibet
1113 1363 1175 1405 ire
1206 1364 1348 1406 uelis?

315 1431 470 1474 5Tune
503 1433 650 1476 audire
682 1435 806 1488 potes
839 1434 988 1475 uesani
1019 1449 1240 1477 murmura
1270 1435 1392 1490 ponti

408 1503 570 1556 Fortis,
603 1506 646 1546 et
677 1504 722 1546 in
754 1504 860 1546 dura
890 1519 1000 1547 naue
1032 1506 1170 1548 iacere
1201 1506 1356 1561 potes?
1383 1509 1386 1512 ’

349 1575 414 1617 Tu
445 1575 625 1630 pedibus
656 1575 817 1617 teneris
848 1576 1014 1630 positas
1046 1576 1196 1619 fulcire
1226 1577 1421 1633 pruinas,

409 1645 473 1687 Tu
503 1649 627 1701 potes
660 1646 875 1698 insolitas,
907 1645 1116 1702 Cynthia,
1146 1647 1258 1689 ferre
1288 1647 1440 1690 niues?

351 1717 386 1759 Ο
419 1717 583 1759 utinam
616 1717 822 1760 hibernae
855 1717 1125 1773 duplicenlzur
1155 1719 1353 1773 ‘cempora
1383 1719 1580 1775 brumae,

292 1800 335 1837 10
407 1788 466 1830 Et
498 1789 556 1831 sii:
585 1788 701 1831 iners
732 1789 867 1831 tardis
897 1776 1049 1831 nauita
1079 1789 1306 1845 Vergiliis,

349 1858 441 1902 Nec
472 1860 552 1902 'cibi
584 1859 812 1915 Tyrrhena
844 1860 1038 1903 soluatur
1067 1860 1182 1902 funis
1213 1860 1392 1916 harena,

409 1930 549 2001 Neue·
562 1931 738 1974 inimica
770 1946 887 1974 meas
920 1932 1059 1974 eleuess
1092 1946 1195 1974 aura
1225 1945 1391 1988 preces;

325 2120 415 2155 Vim.
442 2132 540 2156 ποτ.
593 2123 636 2155 16
666 2121 719 2155 sic
745 2123 769 2154 0
795 2122 963 2164 corrupte
988 2119 1133 2165 (nollim
1152 2119 1214 2164 N):
1240 2118 1424 2155 euoluisse
1449 2121 1508 2156 uel
1532 2120 1570 2156 te
1594 2118 1758 2156 uiolasse

232 2179 344 2224 Itali,
384 2177 503 2221 Quam
536 2178 632 2214 nolis
668 2190 703 2214 n.
736 2180 810 2214 heu
840 2178 1002 2214 uiolasse
1034 2178 1213 2214 Heinsius
1243 2178 1349 2221 Quod
1378 2178 1475 2214 nolis
1503 2190 1539 2215 n.
1571 2178 1758 2215 euoluisse

230 2237 492 2273 Lachmannus
529 2237 637 2281 Quod
671 2237 751 2273 noli
787 2249 822 2271 n.
855 2238 928 2272 heu
964 2237 1052 2273 uiol.
1083 2237 1231 2272 Keilius
1270 2236 1350 2279 Quo
1380 2236 1497 2272 nolim
1526 2249 1562 2273 n.
1594 2238 1633 2273 te
1667 2237 1755 2273 uiol.

234 2297 454 2340 Muellerus;
487 2295 668 2332 Conatum
699 2309 733 2332 n.
762 2307 807 2332 en
838 2295 1000 2332 uiolasse
1031 2307 1093 2342 eqo
1125 2297 1261 2332 conieci
1281 2297 1308 2347 xn
1346 2300 1388 2332 17
1416 2296 1489 2332 sibi
1512 2300 1543 2331 A
1560 2301 1588 2331 F
1614 2298 1671 2342 (in
1693 2297 1758 2333 hoc

231 2366 322 2392 corr.
349 2367 394 2391 m.
420 2357 460 2399 2)
485 2357 497 2401 ΙΙ
530 2359 573 2391 18
598 2355 754 2391 Flebilis
778 2360 806 2390 F
829 2367 874 2392 m.
901 2360 921 2391 1
951 2358 956 2401 Ι
989 2357 1136 2392 ecterno
1162 2360 1189 2390 F
1219 2357 1232 2402 ΙΙ
1264 2360 1306 2391 19
1331 2356 1470 2392 molem
1493 2360 1522 2391 F
1545 2368 1590 2392 m.
1615 2359 1637 2391 1
1667 2357 1680 2402 ΙΙ
1710 2360 1756 2392 20

229 2426 332 2451 serus
356 2419 384 2449 F
409 2427 453 2450 m.
473 2418 517 2460 2,
542 2419 572 2449 V
598 2427 710 2461 coron,
734 2419 779 2450 N:
808 2426 918 2450 uerus
944 2416 1062 2460 01121
1091 2416 1146 2451 Tu
1164 2418 1194 2450 A
1219 2415 1323 2451 Tunc
1343 2425 1364 2453 ς
1386 2415 1390 2463 l
1414 2416 1550 2451 conieci
1574 2416 1670 2451 Tum
1693 2427 1754 2452 me

229 2486 328 2510 nunc
353 2474 532 2510 humilem
551 2476 563 2520 1]
582 2479 626 2510 22
654 2474 822 2511 conferar
848 2474 1037 2510 Francius
1061 2475 1250 2510 Romanus
1275 2488 1311 2521 p.
1338 2475 1499 2511 Inachiis
1523 2475 1701 2510 Eldikias

325 2546 422 2581 VIII.
472 2546 586 2582 Noua
611 2547 722 2591 eleyia
747 2557 826 2582 cum
851 2546 957 2582 titulo
983 2546 1031 2582 ad
1057 2546 1244 2591 cynthiam
1270 2545 1415 2591 (cinth.)
1440 2547 1482 2581 in
1507 2548 1531 2580 0
1551 2546 1562 2590 ΙΙ
1583 2549 1602 2580 1
1629 2545 1685 2584 'ru
1707 2557 1755 2582 ne

231 2609 261 2639 A
280 2609 307 2639 F
326 2609 357 2639 N
383 2606 438 2651 (ut
461 2606 578 2650 saepe)
601 2607 606 2648 Ι
630 2605 740 2651 culpa
764 2609 794 2639 A
812 2609 839 2640 F
866 2607 920 2650 (in
943 2606 1009 2641 hoc
1033 2615 1124 2641 corr.
1150 2617 1194 2642 m.
1221 2606 1262 2650 2)
1287 2606 1300 2650 ΙΙ
1324 2609 1345 2641 2
1370 2604 1439 2640 sim
1463 2607 1493 2639 A
1517 2606 1530 2649 ss
1557 2609 1579 2640 4
1603 2615 1663 2640 me
1687 2615 1753 2640 om.

232 2668 278 2708 A,
298 2669 325 2699 F
344 2676 388 2700 m.
410 2668 430 2700 1
451 2667 463 2711 ιΙ
483 2670 503 2701 6
522 2664 635 2711 naue]
657 2676 764 2700 mane
784 2668 830 2709 A,
851 2669 878 2698 F
898 2677 941 2701 m.
962 2668 982 2700 1
1002 2666 1015 2710 ΙΙ
1035 2669 1054 2700 7
1080 2664 1222 2710 positas
1241 2665 1296 2700 bis
1314 2667 1344 2698 A
1366 2665 1371 2709 Ι
1393 2663 1524 2699 fulcire
1545 2666 1585 2699 οε
1612 2662 1755 2700 sulcare

233 2725 329 2760 Itali
354 2724 499 2760 calcare
526 2725 728 2759 Marollius
759 2735 870 2770 snper
900 2723 954 2759 ire
986 2725 1044 2759 uel
1078 2735 1252 2769 superare
1276 2725 1518 2759 Bwrmannus
1557 2723 1563 2768 1
1602 2722 1754 2768 pruinas

231 2789 260 2818 D
281 2787 326 2819 V:
353 2783 477 2819 ruinas
501 2786 531 2816 A
550 2787 577 2817 F
596 2786 627 2817 N
657 2784 669 2828 Ι]
694 2787 714 2818 9
741 2783 957 2829 hybern(a)e
982 2786 1012 2817 A
1036 2787 1065 2817 Ι)
1085 2786 1112 2816 V
1138 2784 1151 2829 ΙΙ
1178 2787 1221 2818 10
1246 2781 1404 2829 uirgiliis
1428 2786 1456 2816 F
1481 2793 1525 2818 m.
1552 2785 1572 2817 1
1603 2782 1700 2827 (sic),
1723 2784 1754 2815 V

232 2855 277 2878 m.
304 2847 329 2879 2
355 2842 367 2888 {l
394 2846 434 2876 11
462 2842 640 2887 tyrrhena
664 2845 693 2875 V
717 2853 762 2877 m.
789 2847 831 2878 2:
866 2842 1016 2888 byrrena
1041 2845 1065 2876 0
1092 2842 1182 2887 (tirr.
1208 2844 1250 2887 F)
1296 2843 1300 2886 Ι
1347 2853 1460 2877 arena
1483 2845 1512 2875 Ι)
1531 2844 1578 2885 V3
1611 2841 1659 2876 ab
1689 2851 1754 2876 ora

232 2902 326 2938 coni.
352 2901 595 2937 Burmannus
620 2901 740 2937 senior
764 2911 839 2937 non
862 2902 940 2937 sine
964 2901 1120 2945 ratione3
1149 2902 1195 2945 cf.
1221 2901 1270 2936 ad
1294 2912 1330 2937 u.
1361 2904 1404 2935 15
