1898 3190
53 48 110 66 κώ

7 0 274 53 ww

622 165 886 202 PROPER'HI
910 166 1002 203 Lm.
1027 137 1081 202 ns
1100 165 1177 202 34¹².
1433 191 1442 198 .
1599 146 1683 207 1o3

273 271 375 320 Non
404 278 552 318 tamen
581 275 688 317 haec
717 274 799 317 ulli
828 275 1007 317 uenient
1036 255 1213 331 ing'rata
1241 274 1424 330 legenti,

336 346 435 390 Siue
467 347 512 388 in
544 360 690 388 amore
722 346 840 388 rudis
872 346 963 388 siue
994 346 1159 401 peritus
1194 345 1287 387 erit.

272 418 365 462 Nec
394 418 536 460 minor
564 417 633 459 his
665 417 841 472 animis,
873 419 966 468 aut,
998 417 1036 458 si
1066 417 1227 472 minor,
1258 431 1331 458 ore
1363 431 1547 459 canorus

333 489 514 531 Anseris
546 489 720 531 indocto
753 488 941 530 carmine
972 487 1103 530 cessit
1136 487 1240 530 olor.

214 559 394 604 85Haec
425 574 593 615 quoque
623 559 812 614 perfecto
843 557 1020 600 ludebat
1050 557 1204 600 Iasone
1239 557 1402 613 Varro,

332 629 474 673 Varro
505 630 742 673 Leucadiae
773 629 961 671 maxima
990 628 1166 671 flamma
1197 643 1312 672 suae.

274 702 394 746 Haec
424 716 593 757 quoque
623 701 783 757 lasciui*
808 702 1038 743 cantarunt
1069 700 1231 755 scripta
1261 699 1443 756 Catulli,

332 772 488 816 Lesbia
520 772 616 828 quis
647 772 744 827 ipsa
774 771 919 814 notior
949 773 1016 813 est
1036 770 1228 815 Helena.

0 892 9 902 ι
274 843 395 887 Haec
425 843 557 886 etiam
589 842 703 885 docti
735 841 933 885 confessa
964 844 1031 884 est
1060 842 1222 898 pagina
1253 841 1395 897 Calui,

0 907 11 948 f·
215 927 262 959 90
334 913 443 958 Cum
473 916 646 956 caneret
678 914 858 956 miserae
888 912 1043 955 funera
1073 913 1319 964 Quintiliae.

273 985 334 1029 Et
363 985 492 1028 modo
523 985 715 1028 formosa
745 999 874 1040 quam
906 985 1044 1027 multa
1077 985 1284 1040 Lycoride
1316 985 1470 1028 Gallus

335 1057 533 1099 Mortuus
563 1055 732 1098 inferna
763 1055 944 1097 uulnera
974 1055 1082 1098 lauit
1113 1057 1242 1111 aqua!

275 1126 464 1183 Cynthia
493 1126 598 1182 quin
629 1126 760 1168 etiam
790 1140 919 1168 uersu
950 1125 1128 1168 laudata
1158 1126 1378 1182 Properti,

334 1197 427 1240 Hos
458 1199 571 1241 inter
602 1198 640 1239 si
670 1211 738 1238 me
769 1211 928 1252 ponere
958 1196 1096 1239 Fama
1126 1197 1259 1239 uolet.

250 1350 343 1386 VAR-
369 1363 468 1387 ποτ.
517 1353 562 1385 81
588 1349 729 1397 legenti
753 1359 797 1393 ea?
818 1347 964 1384 inuenti
988 1359 1079 1384 corr.
1105 1351 1137 1383 n
1161 1360 1206 1385 m.
1234 1353 1254 1384 1
1285 1350 1299 1395 ΙΙ
1334 1352 1379 1385 82
1404 1350 1592 1396 periturus
1617 1355 1649 1386 R
1682 1352 1684 1398 ἱ

157 1414 202 1447 83
235 1410 294 1446 his
318 1409 405 1456 (hiis
435 1412 496 1455 r),
520 1411 576 1445 ita
601 1412 626 1444 0
648 1411 654 1454 1
676 1408 791 1444 animi
814 1412 843 1442 r
864 1409 870 1453 Ι
891 1406 924 1444 si
954 1409 1084 1454 uulgo:
1120 1407 1192 1444 sim
1218 1411 1243 1443 0
1274 1419 1343 1444 nec
1375 1420 1414 1445 se
1445 1410 1568 1446 minor
1597 1411 1686 1447 Sca-

157 1471 247 1516 liyer
277 1480 348 1505 nec
384 1469 534 1515 segnior
564 1468 751 1514 Heynius;
781 1468 963 1513 proposui
995 1467 1106 1503 Misc.
1140 1467 1231 1503 C'rit.
1259 1479 1299 1512 p.
1326 1471 1393 1504 98:
1432 1469 1528 1515 Nec,
1565 1470 1686 1506 minor

157 1529 245 1565 hinc
269 1529 404 1567 animis
428 1530 495 1564 aut
517 1528 605 1563 hinc
629 1527 751 1563 minor
776 1538 855 1571 ore,
882 1537 1038 1562 canorus
1063 1538 1131 1572 eqs.
1161 1528 1168 1572 1
1198 1527 1321 1563 minor
1346 1538 1410 1563 ore
1436 1538 1591 1563 canorus
1616 1539 1684 1564 om.

155 1591 190 1623 Π
215 1590 229 1635 Ι
258 1592 304 1624 84
330 1588 480 1624 Anseris
504 1591 537 1622 Π
562 1588 576 1633 ΙΙ
605 1591 651 1623 85
676 1587 855 1622 laudabat
877 1591 906 1620 1)
925 1589 956 1620 V
985 1589 997 1633 ΙΙ
1028 1590 1073 1622 86
1099 1587 1199 1623 Varo
1223 1590 1255 1620 V
1277 1599 1323 1624 m.
1348 1591 1371 1623 1
1393 1589 1399 1632 1
1420 1586 1617 1635 leuchadie
1645 1587 1684 1633 (h

156 1660 203 1686 m.
227 1651 254 1685 2
277 1649 496 1694 suppunaeit)
521 1650 569 1682 V:
594 1645 791 1683 lacchodie
815 1650 843 1680 P
867 1645 1085 1682 laochadiae
1103 1651 1133 1680 1)
1157 1646 1304 1682 locadie
1322 1650 1354 1681 Π
1375 1649 1381 1693 Ι
1402 1646 1570 1693 flamma]
1597 1658 1686 1682 cura

156 1710 188 1741 V
210 1718 279 1753 my.
299 1719 345 1743 m.
363 1709 408 1751 ‚23
433 1705 534 1742 fama
558 1705 806 1741 Mau-lelandus
823 1706 836 1750 ΙΙ
854 1709 899 1741 87
925 1705 1036 1741 lasiui
1053 1708 1083 1739 V
1107 1717 1152 1742 m.
1171 1710 1192 1741 1
1208 1706 1211 1753 ᾗ
1229 1708 1399 1742 cantaret
1414 1711 1443 1740 1)
1466 1707 1472 1751 Ι
1493 1705 1610 1741 catuli
1628 1709 1656 1739 Ε
1674 1706 1685 1750 {4¹

157 1769 204 1802 88
229 1765 319 1811 quin
344 1769 375 1799 V
413 1767 418 1810 1
459 1765 567 1800 elena
590 1768 618 1798 F
659 1766 673 1810 fl
715 1768 758 1799 91
798 1776 911 1809 quam
937 1768 979 1800 0:
1011 1765 1076 1810 qm'
1101 1775 1140 1809 ς;
1176 1764 1243 1810 qui
1273 1765 1392 1801 mulsa
1416 1765 1596 1800 Heinsius
1621 1765 1686 1810 qui

156 1825 279 1861 inulta
294 1825 507 1860 Domillius
531 1822 595 1868 qui
619 1823 730 1859 flente
753 1824 1003 1860 Marklandus
1027 1823 1092 1869 qui
1116 1824 1238 1860 multa
1255 1823 1296 1862 L.
1321 1835 1454 1870 passus
1482 1824 1532 1859 W
1530 1825 1682 1859 akkerus

157 1884 222 1930 qui
243 1884 345 1919 iussa
368 1884 459 1928 (scil.
484 1884 530 1918 ab
555 1884 737 1928 Anqusto)
762 1883 1000 1927 Fonteinius;
1025 1884 1112 1919 olim
1136 1885 1274 1920 conieci
1298 1884 1363 1929 qui
1386 1883 1512 1919 inusta
1533 1883 1540 1930 Ι
1560 1883 1685 1930 liquo-

157 1941 239 1978 ride
262 1945 291 1976 r
309 1945 341 1976 Π
364 1941 546 1978 lichoride
569 1946 599 1976 Β
619 1945 649 1976 V
675 1943 730 1986 (in
753 1943 819 1978 hoc
843 1942 869 1977 h
893 1954 939 1978 m.
964 1945 991 1978 2
1015 1943 1098 1988 del.)
