1898 3190
236 1074 260 1105 0
282 1089 326 1101 =
346 1072 570 1118 archetypus
596 1073 745 1108 saeculo
771 1072 858 1109 XIV
889 1074 1057 1118 repertus
1084 1085 1128 1109 ex
1154 1084 1335 1109 consensu
1359 1073 1439 1109 siue
1465 1073 1631 1109 omnium
1657 1073 1758 1110 codi-

345 1143 428 1166 cum
454 1131 532 1167 siue
558 1132 739 1168 bonorum
759 1135 789 1166 A
809 1137 836 1166 D
856 1136 883 1166 F
903 1144 947 1167 m.
969 1137 988 1167 1
1010 1136 1040 1166 V
1058 1144 1103 1169 m.
1123 1137 1144 1168 1
1172 1132 1368 1178 (oppositis
1393 1136 1426 1167 Π
1444 1136 1471 1166 F
1490 1145 1535 1169 m.
1555 1137 1582 1170 2
1601 1136 1631 1167 V
1649 1145 1694 1171 m.
1714 1134 1756 1179 2)

345 1190 550 1227 restitutus.

233 1253 262 1283 A
282 1267 326 1279 =
348 1250 465 1286 codex
489 1249 695 1287 Vossianus
722 1262 818 1287 saec.
843 1250 941 1287 XIV.

230 1313 258 1343 D
279 1326 323 1338 =
345 1309 462 1344 codex
487 1307 766 1345 Dauentriensis
792 1321 887 1345 saec.
914 1310 992 1346 XV.

230 1372 258 1401 F
278 1385 323 1398 =
344 1369 459 1404 codex
483 1369 718 1405 Florentinus
745 1380 840 1405 saec.
866 1370 945 1406 XV.

230 1430 259 1460 V
281 1445 324 1457 =
345 1428 461 1463 codex
488 1426 964 1464 ottoboniano-Vaticanus
991 1440 1085 1465 saec.
1113 1429 1212 1466 XIV.

227 1490 259 1520 N
279 1504 323 1516 =
344 1487 459 1523 codex
484 1487 766 1532 Neapolitanus.

230 1550 252 1580 ς
280 1563 325 1575 =
345 1545 580 1582 coniecturae
605 1546 785 1582 Italorum
810 1547 850 1582 in
875 1547 1065 1583 codicibus
1089 1548 1325 1593 interpolatis
1350 1549 1495 1585 obuiae.

322 1605 548 1650 ubicumque
569 1605 608 1640 in
628 1607 812 1652 apparatu
831 1605 962 1642 critico
988 1606 1095 1641 unius
1120 1607 1381 1643 tantummodo
1407 1618 1539 1642 manus
1568 1605 1662 1651 (siue
1683 1604 1757 1650 pri-

228 1676 312 1700 mae
338 1664 417 1700 siue
441 1664 611 1710 alterius)
637 1665 819 1710 scriptura
842 1664 1025 1710 indicata,
1058 1665 1277 1702 alterutram
1302 1666 1341 1702 id
1367 1666 1466 1712 quod
1490 1667 1615 1702 textus
1641 1663 1757 1699 habet
1804 1676 1807 1679 ·

229 1723 306 1767 (uel
323 1723 362 1758 id
382 1724 482 1769 quod
502 1723 548 1759 de
568 1727 593 1758 0
612 1724 771 1759 relatum
792 1724 862 1768 est)
880 1724 1058 1769 praebere
1078 1726 1509 1775 consentaneumvest.—
1526 1730 1574 1765 Ξ
1591 1734 1756 1760 rasuram

228 1781 337 1817 unius
363 1781 512 1819 litterae
538 1782 720 1828 designat.

1860 2760 1898 3190 'mss'ffm
1887 2558 1898 2745 μοι’-κῃ...-
