1898 3190
711 130 1092 170 PROLEGOMENA.
1535 128 1671 165 XLVH

145 253 243 285 011111
274 242 424 286 Tullus
463 242 750 285 amicissimus
786 243 991 297 patruum
1021 241 1068 283 in
1098 239 1249 282 Asiam
1287 242 1403 281 esset
1433 241 1673 281 sectaturus

147 313 477 370 [Hertzbergius
508 314 530 356 I
560 329 601 369 p.
615 314 672 356 23
692 314 801 369 sqq.]
812 346 824 368 ,
854 312 1104 368 Propertius
1137 311 1175 354 ei
1207 310 1444 353 carminum
1475 310 1676 352 uolumen

147 385 335 440 primum
353 386 630 440 μονοβίβλου
654 384 786 427 titulo
805 383 1064 426 instructum
1088 384 1308 438 tamquam
1328 381 1491 423 sodalis
1512 382 1672 424 amoris

147 455 334 499 miseriis
365 456 560 512 oppressi
591 469 922 510 mnemosynum
953 453 1132 496 donauit
1144 451 1202 509 ²²).

265 526 358 577 Quo
396 526 511 569 edito
550 526 626 569 ubi
663 528 794 581 poeta
829 525 968 567 adhuc
1005 524 1182 580 ignotus
1218 524 1264 565 in
1300 523 1524 566 hominum
1562 524 1675 567 noti—

145 595 254 638 tiam
285 597 407 639 uenit
443 597 735 652 celebrarique
767 595 931 638 Romae
963 595 1123 650 coepit,
1160 592 1351 650 Cynthia
1388 609 1514 651 quem
1546 598 1675 638 antea

145 665 369 710 fastidiose
409 669 619 710 tractarat
654 682 751 710 cum
783 682 834 710 eo
865 667 953 709 iam
991 667 1038 708 in
1069 666 1256 723 gratiam
1297 666 1426 708 rediit
1456 665 1527 724 (cf.
1559 666 1604 708 II
1635 667 1678 721 2,

148 738 170 779 l
194 736 288 794 sq.).
344 753 474 794 quam
506 754 591 782 uno
627 754 773 782 mense
810 741 912 794 post
947 738 1180 780 editionem
1218 738 1338 780 illam
1369 738 1597 793 Propertio
1629 753 1675 780 se

146 809 393 852 restituisse
422 810 622 852 nouimus
655 825 707 853 ex
737 810 900 866 elegiae
930 808 974 850 H
1004 809 1032 851 3
1062 824 1134 851 uu.
1167 810 1298 851 1—4:

327 892 410 943 Qui
439 893 607 935 nullam
637 892 720 935 tibi
744 892 915 935 dicebas
946 892 1034 934 iam
1064 906 1192 947 posse
1222 906 1391 947 nocere,

389 963 604 1007 Haesisti:
636 963 789 1007 cecidit
820 964 998 1018 spiritus
1029 963 1103 1005 ille
1134 966 1248 1005 tuus.

325 1033 411 1078 Vix
440 1049 573 1077 unum
598 1037 735 1090 potes,
765 1034 931 1090 infelix,
961 1035 1228 1090 requiescere
1259 1048 1463 1090 mensem,

388 1106 449 1149 Et
478 1106 617 1161 turpis
649 1106 701 1148 de
732 1109 775 1148 te
805 1106 902 1148 iam.
923 1106 1035 1148 liber
1066 1106 1177 1148 alter
1208 1106 1301 1148 erit.

148 1188 303 1244 quibus
334 1190 478 1232 uerbis
509 1190 636 1231 fictus
668 1187 843 1245 quidam
876 1188 1147 1231 aduersarius
1185 1188 1462 1244 reprehendit
1500 1192 1674 1244 poetam

147 1259 264 1315 quod
293 1260 643 1303 reconciliatione
674 1259 789 1302 facta
815 1260 955 1302 denuo
988 1260 1150 1302 seruiat
1169 1258 1403 1315 Cynthiae3
1436 1260 1555 1302 cuius
1580 1276 1675 1315 per-

147 1329 251 1372 fidia
280 1345 451 1374 rursum
483 1332 660 1388 cognita
690 1345 790 1373 mox
821 1331 979 1373 iterum
1007 1345 1104 1373 eum
1134 1345 1285 1373 uersus
1311 1345 1404 1373 esse
1437 1334 1676 1386 canturum,

149 1401 223 1456 qui
266 1402 391 1445 alteri
432 1403 546 1445 libro
584 1404 685 1457 post
727 1402 900 1457 aliquod
942 1404 1113 1458 tempus
1156 1402 1270 1444 forte
1314 1402 1475 1446 edendo
1520 1401 1677 1458 (neque

117 1489 129 1493 ³
149 1471 264 1517 0111111
306 1472 412 1515 11300
447 1473 511 1515 ita
548 1472 813 1528 accipienda,
855 1473 977 1528 quasi
1016 1473 1104 1515 iam
1142 1473 1194 1515 de
1232 1473 1417 1515 secundo
1456 1474 1677 1516 uolumine
1712 1479 1713 1482 ’

149 1542 390 1599 euulgando
421 1543 515 1599 ipsc
534 1544 792 1599 cogitauerit
821 1542 971 1600 poeta)
1004 1543 1201 1586 dedecori
1227 1545 1314 1586 sint
1343 1543 1566 1600 futuri**).
1603 1559 1676 1599 ap-

148 1616 275 1669 paret
310 1617 456 1656 autem
492 1615 703 1670 respicere
741 1614 1036 1657 aduersarium
1074 1615 1163 1656 illis
1195 1614 1291 1670 ‘qui
1321 1615 1484 1657 nullam
1519 1640 1567 1646 —-
1603 1616 1677 1657 ille

149 1683 272 1727 tuus'
304 1685 357 1727 ad
388 1681 547 1727 librum
577 1686 776 1740 primum.
833 1685 908 1728 sed
938 1686 1114 1728 ubinam
1153 1686 1238 1728 loci
1267 1685 1517 1741 Propertius
1549 1687 1595 1729 111
1626 1702 1676 1729 eo

150 1755 408 1812 iactauerat,
444 1757 611 1799 nullam
647 1757 735 1799 iam
769 1757 976 1799 feminam
1008 1758 1090 1800 sibi
1129 1772 1257 1813 posse
1287 1756 1470 1800 nocere?
1519 1757 1678 1813 legitur

152 1820 325 1882 quidem
355 1826 378 1870 I
412 1828 456 1883 1,
487 1828 543 1870 29
564 1843 626 1883 sq.
663 1827 793 1870 ‘ferte
830 1843 907 1883 per
945 1831 1158 1870 extremas
1196 1831 1349 1885 gentes
1381 1831 1424 1870 et
1462 1828 1571 1870 ferte
1601 1843 1678 1883 per

152 1897 303 1953 undas,
333 1912 419 1953 qua
448 1912 538 1940 non
568 1898 658 1940 11113
688 1913 830 1940 meum
855 1898 1016 1940 femina
1046 1899 1163 1940 norit
1187 1898 1299 1954 iter',
1331 1900 1405 1942 sed
1436 1899 1504 1942 his
1531 1900 1677 1941 uerbis

151 1969 326 2011 minime
356 1969 400 2011 id
431 1969 571 2025 quode
602 1970 746 2025 agitur
776 1970 900 2012 inest.
937 1970 1049 2012 unde
1080 1971 1362 2013 confirmatur
1393 1970 1596 2026 suspitio,
1627 1985 1678 2012 ea

155 2054 264 2096 quae
294 2042 443 2083 extant
472 2040 494 2082 I
528 2042 566 2096 1,
596 2041 624 2083 5
645 2056 725 2097 sq.:

330 2122 478 2165 Donec
507 2138 576 2165 me
606 2123 754 2166 docuit
785 2126 928 2166 castas
959 2122 1099 2166 odisse
1130 2125 1296 2180 puellas

393 2193 623 2249 Improbus
655 2198 700 2237 et
728 2195 847 2237 nullo
879 2195 1025 2238 uiuere
1057 2195 1239 2238 consilio

153 2290 243 2318 non
278 2276 443 2318 intacta
479 2291 584 2319 esse.
638 2292 741 2319 nam
785 2278 891 2319 mire
927 2278 989 2319 ibi
1028 2291 1072 2319 se
1114 2277 1278 2319 habent
1316 2281 1461 2321 castae
1498 2278 1678 2333 puellae.

155 2346 313 2402 quippe
344 2347 547 2403 uulgares
573 2348 818 2390 meretrices
838 2348 912 2403 qui
937 2348 1197 2403 sectabatur,
1227 2349 1264 2390 is
1296 2349 1388 2391 sine
1413 2349 1528 2390 iusta
1547 2363 1676 2390 causa

249 2461 284 2507 ³)
320 2461 352 2498 si
375 2462 415 2497 in
446 2462 540 2508 eleg.
566 2462 583 2497 Ι
608 2467 629 2498 6
660 2463 759 2499 inter
789 2475 937 2509 causas,
973 2476 1037 2500 cur
1061 2463 1212 2499 Tullum
1244 2465 1415 2501 comitari
1447 2476 1520 2501 non
1554 2465 1677 2508 liceat,

154 2521 323 2556 recenset
346 2523 458 2566 poeta
487 2534 547 2557 uu.
574 2526 596 2557 5
616 2534 695 2567 sqq.
726 2523 875 2568 pueUae
906 2534 992 2559 suae
1027 2534 1173 2568 preces,
1207 2535 1296 2560 caue
1332 2525 1402 2560 hoc
1428 2524 1476 2559 ad
1501 2524 1677 2559 amussim

155 2579 292 2626 exigas.
328 2579 370 2623 id
393 2581 492 2624 quod
516 2592 645 2616 uerum
671 2583 728 2617 est
745 2582 945 2618 ostendunt
966 2594 1028 2618 uu.
1056 2586 1208 2618 25—36.

252 2637 309 2684 ’ἣ
334 2650 407 2684 quo
427 2639 575 2684 saepius
594 2639 692 2675 hunc
711 2639 833 2675 locum
852 2651 998 2676 mecum
1017 2641 1242 2686 perpensito,
1261 2652 1306 2677 eo
1324 2641 1444 2686 magis
1465 2642 1676 2686 suspectum

154 2697 198 2733 fit
219 2696 314 2733 illud
340 2697 502 2743 ‘turpis'.
552 2698 642 2742 quid
667 2699 767 2734 enim
790 2699 1034 2744 ignominiae,
1069 2711 1220 2745 quaeso,
1247 2699 1319 2735 sibi
1344 2699 1530 2735 contrahit
1554 2699 1585 2734 is
1612 2698 1675 2743 qui

159 2756 297 2792 amoris
320 2756 489 2792 miserias
513 2757 731 2802 doloresque
757 2768 841 2793 suos
873 2758 1015 2804 argutis
1039 2758 1182 2804 profert
1200 2759 1399 2804 querellis?
1434 2759 1556 2803 aptius
1582 2760 1680 2793 certe

156 2813 254 2851 foret
279 2814 335 2851 ‘et
357 2815 474 2851 tristis
498 2816 545 2851 de
568 2818 608 2852 te
632 2816 707 2851 iam
726 2815 822 2852 liber
839 2817 936 2852 alter
961 2817 1060 2861 erit',
1085 2818 1121 2853 h.
1142 2829 1185 2862 e.‚
1211 2818 1360 2853 easdem
1379 2828 1472 2862 quas
1496 2817 1533 2851 in
1554 2828 1678 2851 mono-

156 2872 261 2908 biblo
285 2874 351 2909 tuo
379 2885 482 2910 acres
507 2874 758 2919 querimonias
783 2874 821 2910 in
847 2876 1008 2912 secundo
1034 2887 1182 2922 quoque
1207 2876 1303 2911 libro
1330 2876 1427 2912 edes.
