1936 3216
231 196 264 230 X
804 196 1184 234 PROLEGOMENA.

230 305 416 348 exhibet.
472 306 611 347 inesse
647 305 717 347 hic
756 305 846 348 illic
885 306 1023 348 bonas
1063 306 1250 348 traditae
1291 306 1525 361 scripturae
1565 306 1759 349 emenda·

228 376 368 419 tiones
409 378 572 419 certum
614 378 696 431 est3
743 376 817 418 sed
855 391 926 419 eas
964 391 1053 419 non
1091 377 1137 418 in
1178 376 1265 419 alio
1308 391 1437 432 quam
1474 377 1758 430 recentiorum

227 447 550 503 philologorum
570 450 815 490 commenta
834 448 997 491 honore
1016 449 1241 504 pretioque
1262 463 1355 490 esse
1378 448 1598 491 habendas
1618 449 1758 491 sciunt

228 519 367 574 periti.
411 533 514 561 nam
544 532 623 560 nec
654 518 781 560 hodie
813 518 968 561 desunt
999 520 1083 575 qui,
1115 520 1151 562 si
1182 519 1228 561 in
1259 519 1518 562 deteriorum
1548 520 1757 562 librorum

231 590 376 646 aliquo
415 589 742 646 deprehendunt
778 589 985 632 lectiones
1024 591 1112 633 suis
1151 590 1408 633 coniecturis
1443 591 1666 646 paululum
1695 590 1757 633 fa-

227 663 391 716 uentes,
421 661 502 703 has
533 661 580 703 in
610 675 736 703 usum
766 675 922 704 uocare
953 676 1042 704 non
1074 661 1285 716 dubitant,
1316 661 1509 716 potuisse
1535 661 1621 703 illis
1648 662 1757 703 anti-

230 746 358 787 quam
391 733 650 787 scripturam
676 732 840 774 seruari
865 733 1115 775 clamantes
1164 733 1266 789 quid
1292 732 1406 788 quod
1438 732 1569 775 etiam
1600 733 1646 775 in
1675 733 1756 775 hac

232 803 394 844 saeculi
425 803 568 844 nostri
598 803 693 845 luce
725 805 827 845 sunt
858 803 949 858 qui,
986 803 1088 858 quia
1126 803 1292 846 codices
1329 806 1379 846 ut
1413 805 1547 846 testes
1578 803 1758 846 interro-

229 887 331 929 gare
357 887 589 929 eorumque
615 872 744 915 fidem
769 874 991 929 explorare
1015 889 1104 917 non
1129 874 1380 930 didicerunt,
1416 889 1563 917 omnes
1589 874 1756 918 codices

229 959 442 1000 peraeque
473 945 672 987 uenerari
702 960 791 987 non
822 946 1049 988 desinant?
1091 947 1297 989 nimirum
1329 961 1498 1001 semper
1528 949 1652 988 erunt
1681 947 1758 990 ho-

230 1017 368 1058 mines
401 1016 474 1071 qui
506 1031 654 1059 seuere
687 1016 906 1072 cogitandi
936 1017 1131 1061 laborem
1162 1017 1424 1074 refugientes
1456 1017 1501 1059 in
1525 1017 1653 1059 rebus
1679 1017 1758 1060 dif-

229 1087 435 1130 ficillimis
461 1088 586 1144 uagis
613 1087 836 1142 dubiisque
864 1088 1140 1143 opinionibus
1171 1089 1268 1131 duci
1293 1088 1463 1130 malunt
1487 1103 1615 1144 quam
1641 1091 1759 1131 certa

229 1159 559 1202 ratiocinatione
595 1174 672 1214 per
709 1158 915 1214 impedita
953 1162 996 1202 et
1033 1160 1211 1215 spinosa
1252 1159 1306 1202 ad
1342 1174 1492 1202 uerum
1523 1160 1759 1214 peruenire.

230 1230 393 1286 itaque,
425 1233 475 1272 ut
506 1232 672 1273 ceteros
705 1230 957 1286 singillatim
989 1231 1155 1273 adferre
1187 1231 1398 1286 omittam,
1427 1245 1565 1286 neque
1595 1230 1758 1273 Mente-

232 1302 372 1344 lianus
407 1303 537 1354 [nunc
562 1301 783 1344 Leidensis
809 1300 921 1344 Bibl.
939 1301 1062 1345 Publ.
1081 1301 1175 1345 Lat.
1197 1302 1280 1344 133
1294 1301 1351 1355 A]
1385 1317 1410 1343 a
1441 1315 1508 1343 me
1539 1301 1758 1357 inspectus

231 1387 369 1428 neque
390 1388 493 1415 uero
514 1372 818 1429 Groninganus
840 1372 1056 1426 [biblioth.
1077 1372 1191 1416 acad.
1210 1389 1249 1428 γ.
1269 1388 1305 1416 a.
1324 1374 1371 1426 4]
1399 1373 1518 1429 digni
1550 1375 1652 1416 sunt
1675 1374 1760 1416 uisi

229 1457 411 1499 quorum
441 1443 564 1485 uaria
594 1443 778 1485 lectione
817 1457 1040 1485 onerarem
1079 1445 1344 1499 apparatum.
1402 1446 1445 1486 et
1479 1444 1550 1486 hic
1587 1444 1759 1500 quidem

227 1514 338 1556 liber
368 1514 687 1556 recentissimus
729 1512 864 1571 (intra
896 1529 932 1556 a.
967 1514 1264 1557 1460—1470
1295 1515 1481 1570 scriptus
1514 1514 1598 1572 est)
1627 1515 1757 1559 unde-

227 1600 329 1627 nam
359 1585 597 1641 peculiares
635 1585 734 1627 illas
766 1585 991 1641 lectiones,
1029 1600 1137 1640 quae
1175 1586 1391 1641 prioribus
1422 1587 1648 1642 tantopere
1678 1587 1757 1629 im-

228 1659 483 1712 posuerunt,
524 1657 757 1698 maximam
798 1659 965 1712 partem
1007 1656 1255 1712 sumpserit,
1295 1671 1354 1713 ex·
1384 1658 1535 1700 nostra
1571 1657 1757 1701 editione

228 1728 457 1770 manifeste
488 1728 588 1770 licet
619 1728 763 1770 uidere
796 1726 975 1785 (quippe
993 1726 1252 1770 Vaticanum
1282 1727 1558 1782 potissimum
1583 1728 1757 1784 eiusque

230 1814 407 1841 manum
440 1799 672 1841 secundam
705 1799 908 1855 sequitur,
938 1801 1111 1854 praeter
1142 1813 1269 1854 quem
1297 1799 1405 1841 alios
1433 1813 1600 1855 quoque
1623 1799 1757 1842 libros

228 1871 510 1926 interpolatos
550 1870 757 1913 electione
795 1870 913 1912 facta
950 1869 1149 1912 adhibuit
1185 1869 1446 1925 praebetque
1483 1869 1590 1913 adeo
1619 1885 1756 1914 nouas

230 1942 396 1998 aliquot
423 1941 692 1983 coniecturas
719 1941 934 1983 interdum
961 1939 1131 1996 bonas),
1155 1943 1205 1983 ut
1229 1941 1282 1983 de
1306 1940 1388 1983 hac
1413 1955 1458 1983 re
1483 1942 1585 1997 post
1609 1941 1755 1984 docto-

227 2028 322 2055 rum
349 2012 663 2068 disputationes
691 2011 764 2069 (cf.
783 2026 845 2054 ex.
865 2026 926 2067 gr.
948 2011 1195 2054 Grummius
1219 2012 1265 2054 in
1289 2014 1610 2068 programmate
1630 2012 1755 2055 Auri·

186 2139 191 2142 Ι
227 2084 343 2127 censi
365 2099 401 2126 a.
425 2083 556 2139 1868)
577 2083 734 2126 iterum
760 2083 967 2126 disserere
993 2098 1106 2126 nunc
1132 2082 1303 2138 quidem
1334 2083 1462 2138 plane
1494 2083 1755 2138 superfluum

228 2156 297 2198 sit.
347 2169 617 2210 summopere
650 2156 794 2197 autem
826 2154 1069 2196 mirandum
1101 2157 1167 2196 est
1198 2154 1312 2209 quod
1341 2168 1480 2209 nuper
1509 2153 1562 2197 A.
1581 2153 1754 2197 Palmer

230 2226 470 2280 [Hermath.
502 2226 567 2268 III
600 2241 638 2281 p.
675 2227 759 2268 124
781 2227 888 2281 sqq.]
931 2225 1068 2268 codici
1112 2224 1318 2281 Scaligeri
1362 2223 1595 2268 Cuiaciano
1639 2240 1754 2269 anno

232 2298 343 2340 1467
377 2297 579 2340 Perusiae
612 2297 843 2339 secundum
875 2296 1233 2351 subscriptionem
1264 2297 1441 2338 exarato
1472 2298 1516 2337 et
1545 2294 1754 2339 Italorum

227 2369 448 2426 figmentis
493 2368 651 2410 referto
692 2368 857 2424 aliquid
900 2367 1027 2423 pretii
1071 2366 1301 2410 concedere
1345 2367 1519 2422 eiusque
1557 2366 1754 2410 sordibus

226 2442 519 2495 superstruere
563 2440 832 2482 coniecturas
877 2439 1093 2481 sustinuit.
1163 2438 1357 2480 omnium
1400 2438 1513 2480 enim
1557 2438 1754 2481 codicum

227 2510 497 2566 apertissime
528 2511 912 2565 interpolationem
943 2509 1141 2553 Italicam
1172 2509 1419 2564 praeferunt
1450 2509 1488 2551 ei
1520 2509 1594 2565 qui
1626 2509 1751 2552 simul

226 2597 321 2624 cum
360 2581 586 2636 Propertio
631 2580 850 2624 Catullum
894 2583 937 2623 et
980 2580 1198 2622 Tibullum
1240 2580 1462 2634 exhibent3
1505 2594 1556 2621 ex
1599 2580 1752 2635 quibus

226 2668 336 2695 unus
367 2652 552 2695 fortasse
578 2652 923 2709 Hamburgensis
957 2652 1010 2694 ab
1036 2651 1320 2708 Hertzbergio
1354 2650 1572 2693 adhibitus
1604 2665 1654 2693 eo
1679 2665 1736 2694 no

227 2724 340 2765 mine
378 2724 608 2765 memorari
648 2726 837 2765 meretur
868 2713 983 2779 quod
1015 2737 1065 2764 ex
1102 2729 1138 2764 F
1175 2723 1262 2764 iam
1301 2723 1584 2764 correctorem
1622 2736 1750 2776 passo

227 2796 507 2852 neglegenter
538 2794 824 2848 transcriptus
863 2796 938 2835 est.
975 2817 1026 2823 —
1061 2793 1215 2835 horum
1248 2793 1457 2834 librorum
1490 2791 1751 2834 deteriorum

229 2867 496 2909 coniecturas
527 2865 777 2920 potissimas
810 2878 833 2910 ς
867 2865 979 2920 siglo
1011 2864 1078 2906 usi
1110 2864 1346 2906 attulimus.

342 2936 463 2979 Licet
485 2939 631 2979 autem
650 2935 810 2978 nostris
838 2935 989 2978 studiis
1021 2935 1066 2976 id
1097 2935 1288 2977 effecisse
1314 2933 1535 2976 uideamur
1559 2934 1609 2975 ut
1635 2947 1748 2976 nunc
