1898 3190
206 89 324 126 XLVI
782 91 1163 130 PROLEGOMENA.

383 199 614 244 Peccaram
648 201 778 242 semel
811 203 854 243 et
883 203 1025 244 totum
1055 217 1150 244 sum
1181 201 1332 258 pulsus
1363 202 1410 244 in
1442 218 1612 246 annum.

206 284 256 311 ex
296 285 379 326 quo
420 271 607 313 carmine
647 286 735 314 non
773 273 917 328 inepte
955 273 1201 329 concludes,
1239 273 1418 316 eandem
1455 274 1511 316 ob
1556 289 1729 317 causam

206 356 334 396 quam
366 344 460 384 tum
493 342 618 384 anxie
649 343 820 386 uitabat
851 344 956 387 olim
988 359 1084 387 eum
1121 344 1307 387 feminae
1338 345 1567 388 iracundae
1597 344 1730 387 bilem
1790 367 1793 368 ⁷

205 412 410 455 mouisse:
443 414 607 456 scilicet
637 417 840 457 uocatum
872 430 898 457 a
930 414 1117 471 Cynthia
1149 431 1244 458 sero
1277 416 1447 459 demum
1480 417 1650 459 uenisse
1676 416 1730 458 ad

205 483 388 525 amicam
426 484 590 527 frustra
632 487 942 541 expectantem.
993 502 1102 542 quae
1134 501 1202 529 res
1234 489 1433 529 narratur
1464 488 1510 530 in
1541 487 1730 530 carmine

202 554 223 596 I
255 556 300 610 33
341 556 605 612 eandemque
636 557 765 612 paulo
806 557 931 599 aliter
964 557 1223 613 descriptam
1267 555 1490 614 (nimirum
1521 559 1612 601 eius
1644 573 1730 601 me-

203 626 342 669 moria
379 642 466 669 non
503 628 567 670 ita
605 630 722 670 certa
760 630 870 684 erat,
908 628 1140 684 debuitque
1176 629 1254 670 illa
1284 631 1377 670 tum
1416 629 1731 685 aliquantulum

203 697 424 754 exornari)
457 701 612 754 postea
643 701 814 741 amator
844 699 1146 742 reconciliatus
1172 702 1333 742 tractat
1363 700 1407 741 in
1440 700 1579 756 elegia
1603 699 1648 742 H
1673 700 1729 742 29

204 783 296 812 sese
350 769 666 824 quodammodo
718 772 1010 813 excusaturuS.
1070 786 1208 827 neque
1257 773 1405 813 tamen
1453 770 1562 813 haec
1603 770 1732 813 unica

203 839 369 882 discidii
401 855 551 897 causa3
582 841 716 883 immo
749 842 836 884 alia
866 842 993 884 nobis
1019 842 1287 898 incomperta
1318 841 1390 898 (cf.
1409 841 1430 884 I
1455 841 1520 897 15,
1540 841 1597 884 25
1617 839 1730 898 sqq.)

202 911 405 953 uidentur
437 911 678 955 accessisse.
722 912 898 967 reliquit
930 915 1074 955 autem
1106 916 1344 956 amatorem
1376 911 1567 969 Cynthia
1596 913 1726 956 Baias

201 983 492 1037 proficiscens.
530 983 651 1026 cuius
673 984 865 1026 animum
892 984 1187 1028 abalienatum
1213 985 1338 1028 initio
1359 984 1537 1027 Sextum
1557 984 1728 1027 credere

202 1054 394 1096 noluisse
438 1054 535 1096 ideo
580 1055 807 1109 probabile
852 1057 918 1097 est
961 1056 1076 1111 quod
1122 1057 1261 1112 elegia
1298 1056 1319 1098 I
1355 1058 1405 1098 11
1445 1055 1637 1111 puellam
1681 1057 1731 1097 ut

203 1141 333 1181 quam
365 1126 553 1181 primum
585 1125 714 1168 Baias
746 1126 962 1168 desereret
999 1127 1183 1183 rogauit.
1238 1116 1338 1170 mox
1367 1129 1514 1170 tamen
1545 1126 1595 1168 de
1627 1140 1730 1168 uera

201 1197 316 1238 illius
354 1197 399 1239 in
439 1212 484 1239 se
521 1197 746 1239 uoluntate
784 1198 940 1240 certior
977 1197 1118 1240 factus
1158 1213 1203 1241 se
1242 1198 1493 1241 derelictum
1537 1197 1730 1253 queritur

201 1265 274 1324 (cf.
305 1267 326 1309 I
362 1268 434 1323 12,
478 1268 597 1310 cuius
642 1268 844 1310 carminis
890 1269 1077 1311 maxime
1122 1284 1162 1311 u.
1195 1269 1246 1311 11
1288 1268 1450 1311 “mutat
1491 1269 1564 1311 uia
1599 1269 1730 1324 longa

198 1337 385 1393 puellas'
420 1341 486 1381 est
516 1339 827 1395 respiciendus,
865 1343 908 1382 et
938 1339 959 1382 I
995 1340 1068 1396 13,
1098 1338 1144 1397 2)
1174 1355 1409 1395 porroque,
1445 1340 1520 1382 ubi
1556 1353 1635 1382 nec
1665 1353 1728 1380 re-

201 1425 351 1452 uersae
383 1411 567 1453 Romam
600 1409 812 1466 Cynthiae
846 1411 1048 1452 duritiem
1079 1410 1280 1467 frangere
1310 1411 1472 1467 potuit,
1502 1411 1654 1453 urbem
1686 1411 1730 1452 et

199 1483 291 1538 ipse
329 1486 523 1537 tempore
562 1484 611 1523 ut
662 1483 901 1525 coniectare
940 1481 1041 1524 licet
1090 1482 1330 1525 autumnali
1373 1482 1547 1539 reliquit
1586 1481 1729 1524 nescio

201 1569 285 1609 quo
312 1556 525 1596 terrarum
551 1554 916 1610 peregrinaturus.
956 1553 1105 1608 iniqua
1131 1555 1275 1596 autem
1300 1553 1491 1608 procella
1515 1553 1562 1595 in
1586 1552 1726 1595 medio

198 1625 352 1667 itinere
384 1625 619 1681 deprensus
646 1625 774 1681 inque
800 1625 1021 1681 regionem
1045 1624 1172 1667 nobis
1204 1625 1402 1680 ignotam
1434 1624 1602 1667 delatus
1635 1622 1728 1681 (ubi

199 1698 247 1738 ut
278 1699 392 1738 certe
419 1711 591 1738 carmen
623 1696 643 1738 I
675 1697 740 1751 17,
773 1696 837 1738 ita
867 1696 1052 1739 fortasse
1078 1695 1099 1738 I
1129 1695 1181 1738 18
1203 1698 1246 1737 et
1269 1695 1335 1751 19,
1366 1695 1487 1738 cuius
1519 1694 1571 1738 cf.
1595 1709 1635 1737 u.
1654 1694 1726 1747 20,

201 1771 300 1809 sunt
332 1768 532 1823 scripta),
564 1770 613 1809 ut
643 1767 829 1822 primum
861 1767 1005 1822 licuit,
1036 1767 1222 1822 patriam
1254 1766 1425 1822 repetit.
1479 1780 1563 1821 quo
1594 1765 1726 1808 infor-

198 1839 322 1881 tunio
350 1841 613 1881 commotum
639 1838 693 1880 iri
713 1837 929 1893 Cynthiae
955 1839 1148 1880 animum
1174 1837 1336 1880 frustra
1367 1837 1576 1892 sperauit:
1606 1836 1727 1879 lenta

201 1910 277 1951 illa
309 1910 560 1965 inmotaque
599 1912 763 1963 manet3
796 1909 847 1952 cf.
868 1909 1007 1965 elegia
1032 1909 1053 1950 I
1079 1909 1145 1964 15,
1177 1909 1297 1951 cuius
1323 1908 1422 1950 finis
1449 1923 1533 1964 quo
1559 1910 1726 1964 spectet

199 1980 384 2036 quidque
417 1981 500 2022 sibi
538 1981 646 2022 uelit
683 1980 916 2022 diiudicare
947 1994 1060 2022 nunc
1100 1994 1189 2022 non
1219 1994 1468 2036 possumus,
1498 1980 1582 2022 nisi
1612 1979 1725 2035 quod

197 2051 420 2093 molliendi
465 2051 647 2093 amicam
694 2051 921 2093 consilium
967 2065 1069 2093 sane
1114 2053 1303 2105 apparet.
1366 2065 1450 2106 qua
1489 2065 1564 2106 spe
1608 2050 1725 2093 omni

197 2123 386 2165 deiectus
412 2121 663 2177 Propertius
697 2122 872 2164 tandem
906 2136 950 2164 se
981 2120 1161 2164 tradidit
1185 2121 1478 2177 desperationi
1508 2121 1585 2177 illi,
1615 2135 1724 2177 quae

199 2193 446 2250 depingitur
477 2193 618 2250 elegia
649 2193 670 2235 I
699 2194 734 2236 1.
753 2218 812 2223 —
843 2194 906 2235 ita
938 2194 1082 2235 autem
1115 2194 1162 2234 ut
1188 2191 1239 2235 de
1271 2193 1429 2234 amoris
1449 2191 1724 2247 Propertiani

197 2265 324 2307 initio
355 2264 552 2320 iudicem,
583 2280 687 2321 prae
720 2266 873 2307 ceteris
906 2265 987 2307 hac
1020 2263 1207 2306 adducor
1239 2278 1380 2306 causa.
1434 2278 1536 2305 nam
1569 2263 1606 2306 si
1636 2263 1722 2305 iam

196 2336 415 2378 nonnullis
442 2339 543 2379 ante
562 2336 787 2378 discidium
815 2335 921 2377 illud
948 2335 1072 2377 annis
1098 2337 1272 2390 poetam
1293 2333 1530 2389 Cynthiam
1554 2348 1723 2377 amasse

198 2408 407 2449 sumimus
438 2406 766 2449 Lachmannum
798 2407 990 2462 aliosque
1022 2406 1175 2461 secuti,
1214 2405 1259 2447 id
1291 2407 1408 2448 caret
1437 2405 1722 2460 explicatione

197 2479 310 2534 quod
347 2478 435 2520 fere
473 2478 638 2520 nullum
677 2478 776 2520 libri
815 2477 944 2533 primi
981 2491 1154 2519 carmen
1184 2491 1341 2532 purum
1378 2475 1485 2518 illud
1515 2475 1721 2518 amatoris

196 2550 336 2592 felicis
369 2549 570 2605 gaudium
603 2564 707 2604 prae
739 2563 784 2591 se
815 2549 912 2592 fert.
956 2563 1033 2590 nec
1066 2547 1255 2589 dubitari
1285 2549 1432 2602 potest
1455 2547 1558 2601 quin
1583 2547 1720 2589 multo

197 2621 404 2663 maiorem
435 2623 682 2675 poematum
722 2620 889 2676 copiam
922 2619 1131 2675 longioris
1163 2617 1371 2674 temporis
1403 2631 1500 2659 cum
1533 2617 1721 2674 Cynthia

197 2692 527 2734 contubernium
572 2690 701 2733 Sexto
747 2690 1121 2746 suppeditaturum
1163 2689 1304 2731 fuerit.
1358 2702 1473 2730 nunc
1515 2689 1720 2743 opuscula

195 2779 283 2806 non
332 2764 396 2805 ita
438 2763 588 2805 crebra
632 2763 687 2817 ad
731 2776 826 2804 eam
874 2761 1139 2817 pertinentia
1181 2760 1370 2815 produnt
1412 2758 1630 2801 hominem
1672 2759 1719 2800 in

198 2849 342 2876 amore
380 2849 465 2876 non
507 2835 727 2889 potentem
767 2834 965 2889 maloque
1005 2832 1093 2874 fato
1133 2845 1269 2873 usum.
1307 2855 1355 2860 —
1390 2844 1490 2872 uere
1528 2829 1629 2872 anni
1661 2830 1716 2872 27
