1898 3190
0 987 5 1007 -ψ
0 773 9 967 Ἰω--νν--η-ν
0 667 6 749 v----.n

599 143 862 181 PROPERTII
884 110 975 181 IalB.
998 144 1063 180 111.
1089 148 1147 182 22.
1172 148 1230 181 23.
1594 145 1678 188 149

329 250 421 295 Nec
450 252 584 295 soluit
614 251 788 309 Danaas
820 252 994 296 subdita
1023 267 1151 296 cerua
1180 255 1316 309 rates,

211 334 257 368 35
270 323 444 368 Cornua
472 338 551 366 nec
581 325 719 367 ualuit
749 339 927 368 curuare
956 324 1003 366 in
1031 324 1196 380 paelice
1226 323 1336 368 Iuno

328 394 394 437 Ac
423 394 578 453 faciem
606 396 725 451 turpi
754 396 1007 438 dedecorare
1036 396 1166 451 boue,

902 492 926 518 *

783 552 807 577 *
1019 551 1044 577 *

268 619 572 677 Arboreasque
603 635 748 663 cruces
780 618 912 675 Sinis,
943 622 987 662 et
1015 634 1106 662 non
1134 620 1310 675 hospita
1340 619 1467 663 Grais

329 689 459 743 Saxa,
493 694 536 734 ef,
566 694 766 734 curuatas
797 691 844 733 in
875 706 954 733 sua
982 691 1076 733 fata
1105 691 1261 734 trabes.

268 761 388 805 Haec
417 762 517 818 tibi,
547 762 688 818 TuHe,
718 777 892 818 parens,
922 762 1028 805 haec
1060 765 1125 805 est
1154 763 1446 818 pulcherrima
1477 764 1616 820 sedes,

208 843 255 876 40
326 832 409 876 Hic
438 834 520 876 tibi
549 848 628 888 pro
660 833 791 889 digna
822 834 951 888 gente
982 833 1191 888 petendus
1222 834 1378 890 honos,

266 902 350 946 Hic
378 903 459 946 tibi
490 904 544 946 ad
575 904 794 959 eloquium
826 903 959 959 ciues,
990 903 1061 946 hic
1092 904 1236 958 ampla
1265 908 1471 959 penarum

325 972 432 1029 Spes
464 977 507 1016 et
538 977 745 1017 uenturae
778 973 972 1030 coniugis
1005 977 1132 1029 aptus
1163 989 1295 1017 amor.

823 1248 996 1295 XXIH.

262 1351 383 1407 Ergo
413 1354 505 1394 tam
536 1351 685 1393 doctae
715 1352 843 1394 nobis
874 1352 1037 1407 periere
1067 1353 1273 1407 tabellae,

322 1421 492 1477 Scripta
522 1422 677 1477 quibus
705 1423 869 1477 pariter
899 1425 967 1465 tot
997 1423 1160 1478 periere
1191 1423 1318 1466 bona.

224 1491 226 1493 ’
263 1493 356 1535 Has
388 1493 605 1549 quondam
636 1494 797 1536 nostris
828 1494 1029 1536 manibus
1061 1494 1295 1537 dein-iuerat
1324 1510 1447 1549 usuS,

324 1563 407 1614 Qui
436 1579 527 1607 non
558 1564 752 1619 signatas
784 1565 912 1607 iussit
941 1565 1101 1608 habere
1132 1565 1272 1607 fidem.

226 1634 367 1677 5]]lae
396 1636 484 1677 iam
515 1635 606 1677 sine
638 1648 706 1676 me
736 1637 895 1678 norant
924 1636 1097 1690 placare
1126 1636 1333 1691 puellam,

319 1704 380 1747 Et
409 1705 620 1760 quaedam
652 1705 745 1747 sine
775 1720 844 1748 me
874 1707 1008 1748 uerba
1038 1707 1198 1749 diserlza
1228 1707 1359 1762 loqui.

261 1773 363 1818 Non
391 1775 490 1818 illas
520 1776 654 1818 fixum
685 1791 806 1818 caras
837 1776 1035 1819 effecerat
1066 1792 1236 1820 aurum:

320 1844 505 1902 Vulgari
535 1847 649 1889 buxo
682 1846 856 1889 sordida
886 1861 983 1890 cera
1013 1847 1106 1890 fujt.

262 1915 602 1972 Qualescumque
632 1917 741 1960 mihi
771 1932 940 1973 semper
970 1933 1166 1961 mansere
1195 1919 1362 1975 fideles,

204 1997 249 2029 10
321 1985 500 2042 Semper
530 1990 574 2030 et
604 1988 779 2031 effectus
810 2003 1083 2044 promeruere
1114 1990 1264 2033 bonos.

259 2057 461 2101 Forsitan
490 2058 596 2101 haec
625 2059 714 2101 illis
743 2059 905 2102 fuerinl:
934 2060 1139 2102 mandata
1168 2061 1358 2116 fiabellis,

238 2209 331 2246 Vm
356 2222 454 2246 ηοω.
504 2214 550 2245 34
574 2209 652 2245 Nec
676 2213 704 2244 r
722 2213 770 2245 R:
796 2210 882 2245 Non
904 2215 933 2244 Ι)
951 2214 982 2244 V
1012 2212 1026 2255 ΙΙ
1055 2215 1102 2246 35
1126 2212 1246 2256 pelice
1271 2216 1319 2247 11:
1344 2213 1480 2258 pellice
1505 2218 1531 2248 0
1553 2215 1558 2259 Ι
1580 2216 1667 2251 uino

142 2272 175 2304 Π
191 2269 205 2314 fl
222 2273 267 2305 36
293 2269 347 2304 Ac
370 2269 518 2314 scripsi:
544 2269 620 2303 Aut
646 2271 670 2302 0
695 2270 708 2314 ΙΙ
728 2272 812 2313 post
838 2273 883 2305 36
909 2270 1052 2315 aliquid
1074 2271 1301 2307 intercidisse
1324 2273 1533 2317 suspicatum
1557 2274 1666 2309 Liui-

142 2328 247 2364 neius
263 2329 277 2374 fl
293 2331 340 2363 3⁷
366 2327 464 2363 senis
489 2330 514 2360 0
539 2328 595 2371 (in
618 2330 650 2361 Π
668 2338 850 2372 suprascr.
875 2339 921 2364 m.
948 2330 1026 2364 ead.
1054 2329 1177 2375 cinis);
1205 2330 1324 2366 Scinis
1342 2331 1549 2367 Beroaldus
1568 2332 1666 2368 Sinis

136 2387 380 2432 posteriores!
402 2388 441 2422 et
464 2397 532 2421 om.
558 2390 586 2420 F
618 2387 624 2431 Ι
657 2397 732 2422 non
755 2396 822 2423 om.
846 2390 893 2432 r,
918 2388 1003 2424 add.
1029 2400 1096 2434 my.
1123 2400 1168 2424 m.
1195 2392 1221 2425 2
1250 2391 1255 2434 Ι
1286 2390 1403 2435 grais,
1428 2391 1483 2426 ita
1508 2394 1532 2424 0
1568 2393 1582 2437 ΙΙ
1619 2395 1665 2427 38

143 2445 312 2490 Saxaque
343 2447 539 2480 curuansses
563 2448 594 2478 V
617 2456 685 2490 my.
710 2457 755 2481 m.
781 2449 825 2489 23
851 2447 1017 2482 curtatas
1046 2446 1207 2483 Paccius
1245 2450 1250 2492 Ι
1289 2448 1385 2484 satta
1417 2450 1465 2494 (tt
1489 2461 1534 2485 ex
1557 2454 1664 2495 corr.)

141 2507 187 2548 ,Ἐς
218 2504 342 2540 malim
366 2504 406 2539 in
429 2503 509 2539 fera
532 2503 611 2539 fata
639 2504 715 2548 1139
739 2504 943 2549 pulcerima
967 2509 994 2539 P
1024 2506 1037 2551 u
1064 2509 1111 2540 40
1136 2506 1206 2541 Hic
1230 2517 1275 2541 ex
1299 2506 1377 2542 Hec
1402 2518 1492 2544 corr.
1517 2512 1545 2542 r
1575 2511 1588 2554 fl
1618 2513 1660 2544 41

143 2561 243 2598 ciues
267 2566 494 2608 corruptum;
521 2573 647 2598 cursus
668 2572 690 2600 ς
715 2562 778 2598 uia
793 2563 868 2599 fert
884 2564 1063 2600 Heinsius
1080 2564 1179 2600 uires
1196 2565 1440 2602 Burmannus
1460 2569 1466 2612 Ι
1487 2569 1664 2613 penatum

145 2621 277 2666 sor-ipsi
302 2621 412 2656 Μίδα.
439 2620 529 2657 Urit.
549 2632 590 2666 p.
618 2625 702 2657 106:
727 2623 904 2668 nepotum
930 2626 955 2657 0

237 2691 369 2726 XXIII.
417 2691 530 2726 Noua
554 2691 666 2736 eleyia
690 2703 770 2727 cum
794 2687 900 2728 titulo
926 2694 972 2729 de
996 2693 1135 2729 tabulis
1158 2693 1314 2739 perditis
1338 2695 1380 2730 in
1406 2698 1430 2729 0
1462 2697 1474 2740 ΙΙ
1512 2700 1529 2730 1
1557 2696 1664 2731 uobis

142 2753 171 2784 r
194 2762 239 2786 m.
266 2754 286 2785 1
306 2750 358 2795 112
382 2749 457 2796 tot]
484 2760 559 2785 non
583 2753 610 2783 F
628 2750 641 2794 ΙΙ
660 2754 681 2785 3
706 2751 838 2786 uestris
857 2755 885 2786 F
908 2754 1057 2788 nostras
1081 2756 1112 2786 Π
1136 2765 1180 2788 m.
1201 2758 1221 2788 1
1245 2755 1251 2798 Ι
1272 2753 1432 2789 defuerit
1448 2758 1476 2787 F
1494 2755 1507 2798 ss
1526 2758 1548 2789 4
1572 2755 1662 2799 non]

142 2808 254 2845 modo
277 2811 308 2842 V
331 2819 398 2854 my.
424 2820 470 2845 m.
495 2812 522 2845 2
552 2809 565 2853 ΙΙ
596 2813 616 2844 5
642 2809 805 2855 puellam
830 2820 869 2848 <32
893 2811 1038 2856 puellas
1064 2814 1089 2845 0
1119 2813 1133 2858 ΙΙ
1164 2816 1204 2848 11
1230 2812 1368 2849 fuerint
1391 2815 1439 2848 R:
1464 2812 1612 2848 fuerant
1636 2815 1661 2847 0

142 2867 292 2903 fuerunt
316 2867 386 2903 alii
