1898 3190
0 3079 13 3190 ν-μ-π-

599 107 861 144 PROPERTII
884 106 973 144 LIB.
999 107 1027 142 Ι.
1054 111 1087 142 3.
1583 106 1612 147 5

170 229 191 260 5
206 217 297 260 Nec
326 217 469 259 minus
501 215 686 258 assiduis
717 214 883 258 Edonis
913 215 1030 256 fessa
1060 215 1226 257 choreis

264 287 414 338 Qualis
444 286 491 328 in
519 286 705 328 herboso
740 285 926 328 concidit
955 285 1176 341 Apidano,

203 358 321 401 Talis
352 358 448 400 uisa
479 356 586 399 mihi
616 357 791 398 mollem
824 355 988 411 spirare
1020 356 1208 411 quietem

263 428 450 484 Cynthia
479 443 567 470 non
599 427 727 470 certis
759 427 863 468 nixa
894 429 1024 481 caput
1055 426 1272 482 manibus,

203 500 341 543 Ebria
371 514 469 542 cum
501 499 638 541 multo
669 497 886 541 traherem
916 498 1105 554 uestigia
1136 497 1307 540 Baccho

148 582 192 613 10
264 570 325 612 Et
356 572 582 626 quaterent
614 583 709 611 sera
738 571 864 611 nocte
895 568 1033 611 facem
1064 568 1198 623 pueri.

206 641 331 686 Hanc
362 655 443 697 ego
452 674 463 693 ,
493 641 682 683 nondum
714 641 846 682 ctiam
879 654 1028 682 sensus
1060 640 1305 696 deperditus
1337 655 1504 694 omnes,

262 713 457 755 Molliter
487 712 681 767 inpresso
715 725 846 753 conor
877 711 994 753 adire
1025 713 1134 754 toro.

204 784 264 827 Et
295 783 494 839 quamuis
525 782 686 837 duplici
717 784 962 837 correptum
995 781 1147 824 ardore
1178 783 1378 825 iuberent

262 854 358 897 Hac
389 854 525 897 Amor
554 853 636 895 hac
666 852 818 906 Liber,
851 852 982 894 durus
1013 855 1191 908 uterque
1223 853 1346 908 deus,

148 936 191 969 15
205 924 407 968 Subiecto
438 924 591 966 leuiter
620 923 811 978 positam
842 925 1055 978 temptare
1086 923 1251 965 lacerto

201 1043 206 1051 ..
265 995 505 1050 Osculaque
537 994 711 1036 admota
742 1008 911 1036 sumere
943 1009 1076 1036 auara
1106 1009 1255 1049 manu,

203 1065 306 1110 Non
334 1056 480 1108 tamen
511 1079 640 1107 ausus
673 1080 791 1107 eram
823 1065 1023 1108 dominae
1053 1065 1228 1108 turbare
1260 1066 1465 1121 quietem,

262 1138 479 1193 Expertae
510 1139 704 1179 metuens
735 1136 876 1192 iurgia
908 1136 1135 1190 saeuitiae,

209 1208 292 1252 Sed
323 1209 384 1251 sic
415 1207 595 1250 intentis
626 1207 859 1249 haerebam
889 1207 999 1249 fixus
1031 1208 1197 1263 ocellis,

146 1292 192 1324 20
263 1280 408 1336 Argus
439 1282 489 1321 ut
518 1278 679 1334 ignotis
712 1278 914 1320 cornibus
946 1278 1186 1322 Inachidos,

204 1352 264 1394 Et
294 1351 423 1394 modo
456 1344 677 1392 soluebam
708 1351 859 1391 nostra
890 1349 941 1391 de
974 1349 1118 1392 fronte
1150 1351 1334 1393 corollas

263 1422 568 1475 Ponebamquc
598 1420 704 1475 tuis,
737 1418 942 1475 Cynthia,
974 1421 1259 1476 temporibus,

205 1494 266 1537 Et
294 1493 422 1536 modo
454 1491 693 1548 gaudebam
724 1491 869 1546 lapsos
901 1491 1092 1533 formare
1124 1492 1322 1548 capillos,

263 1564 390 1607 Nunc
421 1563 583 1606 furtiua
614 1562 731 1604 cauis
762 1576 892 1616 poma
924 1561 1079 1604 dabam
1112 1563 1330 1618 manibus,

147 1646 191 1679 25
206 1636 445 1691 Omniaque
476 1634 647 1689 ingrato
679 1633 872 1688 largibar
903 1648 1081 1675 munera
1112 1649 1281 1686 somno,

263 1706 442 1749 Munera
472 1707 523 1748 de
554 1720 690 1761 prono
723 1719 850 1759 saepe
881 1705 1030 1746 uoluta
1062 1705 1169 1747 sinu.

204 1778 264 1821 Et
295 1777 492 1834 quotiens
523 1791 622 1818 raro
654 1776 775 1817 duxti
807 1775 993 1830 suspiria
1024 1779 1163 1831 motu,

267 1848 483 1903 Obstupui
514 1862 626 1890 uano
659 1836 853 1889 credulus
886 1847 1099 1902 auspicio,

205 1919 274 1962 Ne
306 1934 391 1976 qua
420 1918 502 1961 tibi
531 1918 730 1961 insolitos
761 1920 986 1974 portarent
1017 1919 1112 1961 uisa
1143 1919 1340 1975 timores,

182 2084 273 2120 Vn.
300 2097 395 2120 macr.
447 2086 467 2117 5
510 2082 660 2118 Maenas
692 2083 730 2118 et
761 2093 831 2118 ass.
865 2082 1045 2118 Heinsius
1083 2084 1088 2129 1
1129 2083 1282 2119 aedonis
1307 2088 1335 2117 D
1355 2087 1403 2128 N,
1429 2087 1458 2117 V
1483 2096 1527 2119 m.
1555 2089 1575 2119 1
1604 2086 1616 2131 [l

92 2149 113 2180 6
150 2144 280 2180 erboso
303 2147 332 2178 F
370 2145 377 2188 1
416 2141 579 2178 concidit
601 2144 632 2174 V
666 2141 699 2185 (c
725 2152 768 2175 ex
794 2142 918 2185 comt),
943 2144 991 2176 R:
1028 2141 1210 2177 conscidit
1240 2146 1270 2176 A
1283 2146 1310 2176 Ε·
1346 2142 1505 2178 considit
1538 2148 1566 2177 D
1608 2143 1612 2189 Ι

91 2202 278 2250 appidano
298 2204 342 2245 ⁰3
369 2202 449 2237 licet
472 2201 537 2236 hoc
561 2200 732 2244 defendat
752 2200 810 2234 M.
830 2199 1022 2245 Hauptius
1040 2212 1160 2246 opusc.
1180 2201 1216 2236 II
1235 2206 1322 2247 263,
1347 2203 1471 2238 malim
1496 2205 1616 2238 tamen

90 2261 307 2298 herbosa—
322 2259 476 2296 Ismaria
493 2261 505 2305 fl
525 2264 543 2295 7
571 2259 710 2304 spirare
730 2263 757 2292 F
782 2270 826 2294 m.
847 2262 893 2304 2,
919 2262 949 2292 V
967 2271 1011 2294 m.
1032 2262 1076 2305 2,
1101 2263 1132 2294 N
1157 2272 1224 2306 my.
1245 2273 1289 2296 m.
1311 2265 1354 2297 2:
1380 2272 1528 2307 sperare
1554 2265 1578 2295 0
1603 2262 1614 2307 ᾗῇ

91 2325 113 2356 8
139 2320 260 2366 capud
284 2323 314 2353 A
335 2321 340 2364 1
362 2317 550 2364 manibus]
583 2318 716 2353 icubus
742 2322 787 2362 1²,
813 2329 903 2354 corr.
930 2329 997 2364 my.
1024 2330 1068 2354 m.
1095 2322 1121 2355 2
1157 2320 1169 2364 11
1206 2324 1227 2355 9
1252 2314 1372 2356 bacho
1399 2323 1471 2354 AN
1497 2321 1614 2357 bacco

90 2384 118 2415 r
136 2381 149 2426 fl
168 2383 212 2415 11
236 2378 402 2414 nundum
414 2381 446 2411 N
463 2379 476 2423 ΙΙ
497 2381 539 2412 12
558 2377 666 2423 impr.
686 2380 717 2411 A
729 2382 757 2411 Ι)
771 2380 801 2411 V
817 2378 821 2424 Ι
838 2388 950 2423 cogor
968 2381 1010 2423 V,
1029 2389 1119 2414 corr.
1141 2390 1208 2424 my.
1229 2391 1273 2414 m.
1294 2382 1319 2416 2
1337 2380 1340 2426 Ι
1357 2380 1465 2416 thoro
1480 2383 1547 2414 AF
1560 2385 1591 2415 N
1604 2381 1614 2426 f}

94 2443 137 2475 15
158 2438 334 2475 Cubiecto
348 2440 377 2471 A
395 2438 398 2484 Ι
415 2438 560 2472 tentare
579 2441 607 2470 D
622 2439 652 2470 V
670 2437 681 2481 11
703 2440 745 2473 16
766 2448 910 2473 sumere
924 2438 962 2473 et
974 2448 1078 2473 arma
1095 2449 1208 2474 manu
1229 2442 1252 2473 0
1273 2440 1432 2483 (sumere
1452 2443 1484 2474 et
1502 2443 1614 2474 mam‘l

25 2502 27 2506 “
91 2501 150 2544 r);
174 2498 284 2549 rapta
307 2497 366 2532 uel
391 2496 522 2541 carpta
545 2495 724 2531 Heinsius
748 2496 796 2532 ad
821 2507 885 2532 ora
910 2497 1121 2533 Gronouius
1147 2509 1233 2534 cara
1258 2498 1306 2535 F.
1326 2499 1373 2535 A.
1394 2498 1558 2534 Kochius
1583 2502 1615 2534 et

92 2567 154 2604 eyo
178 2557 264 2592 olim
288 2556 397 2601 grata
423 2554 529 2590 Conr.
555 2554 808 2600 Rossberyius;
834 2566 934 2591 nunc
958 2567 1072 2592 auara
1097 2558 1156 2601 (=
1177 2556 1326 2603 cupida)
1350 2558 1494 2592 restitui
1523 2558 1536 2601 [1
1568 2561 1612 2592 20

93 2616 244 2662 i‘gnotac
263 2615 354 2650 coni.
376 2613 566 2649 Francius
592 2615 598 2659 Ι
624 2614 841 2651 innachidos
866 2618 896 2649 A
921 2615 1137 2652 umachidos
1162 2621 1190 2650 Ε
1216 2618 1270 2662 (in
1294 2617 1359 2652 hoc
1384 2627 1475 2651 corr.
1500 2616 1615 2661 my.)

69 2677 139 2711 ’22
162 2673 391 2719 temporibus
415 2676 485 2707 AF
510 2674 565 2708 ita
589 2677 631 2708 ut
661 2674 752 2709 miro
777 2675 880 2710 modo
911 2676 952 2710 in
982 2679 1133 2721 utroque
1156 2687 1272 2721 supra
1298 2688 1316 2712 e
1342 2688 1386 2711 m.
1414 2679 1439 2711 2
1464 2675 1478 2708 i
1502 2675 1613 2719 scrip-

93 2735 181 2770 serit
209 2735 222 2779 ΙΙ
252 2736 296 2768 25
325 2732 458 2768 Omnia
483 2743 578 2776 quae
603 2732 732 2768 Dousa
754 2734 759 2778 Ι
782 2737 896 2779 sopno
923 2737 996 2769 AN
1014 2736 1026 2780 Η
1055 2739 1100 2770 27
1126 2735 1303 2780 quociens
1323 2738 1396 2768 AN
1421 2733 1614 2779 quotie{s

93 2795 124 2826 V
144 2794 151 2838 Ι
173 2791 277 2828 duxti
302 2802 340 2830 ςε
366 2791 472 2826 duxit
497 2794 522 2825 0
546 2793 558 2836 ΙΙ
590 2794 633 2826 28
660 2792 820 2838 ampitio
845 2796 872 2826 F
895 2794 908 2838 l}
936 2797 980 2828 29
1007 2793 1079 2831 sibi
1102 2797 1173 2828 DV
1198 2795 1254 2838 (in
1278 2795 1343 2829 hoc
1367 2804 1457 2828 corr.
1483 2804 1527 2827 m.
1555 2793 1613 2836 2);

23 2846 35 2854 ²
94 2851 152 2886 illi
175 2850 398 2887 Fonteinius
422 2850 528 2885 duxit
552 2851 710 2886 retinens
