1898 3190
223 137 360 172 XXXII
800 139 1179 177 PROLEGOMENA.

221 260 311 287 rem
334 246 462 302 plane
481 246 776 302 neglexerunt.
807 262 909 290 nam
929 251 1078 291 notum
1101 250 1168 290 est
1187 250 1230 291 et
1247 248 1484 292 Homerum
1505 251 1548 293 et
1561 249 1749 307 Aeschy-

218 316 309 358 lum
341 317 395 359 ab
427 317 646 360 amoribus
684 319 886 361 canendis
926 320 1102 363 omnino
1141 319 1411 364 abstinuisse.
1461 321 1580 364 nullo
1613 322 1748 378 igitur

221 388 267 429 in
306 403 472 445 amore,
508 390 666 432 nedum
711 390 756 432 in
792 405 970 447 magno,
1012 391 1246 448 quidquam
1283 391 1348 434 illi
1378 392 1644 447 profuerunt.
1694 393 1749 436 ad

220 473 370 501 uerum
403 461 546 502 autem
577 461 811 503 eruendum
849 476 944 504 cum
979 477 1146 505 summo
1179 476 1307 517 opere
1338 463 1653 518 respiciendum
1683 466 1750 506 est

219 530 262 572 id
295 530 408 586 quod
438 532 633 587 priorum
666 533 894 575 conamina
936 534 1093 576 euertit
1125 533 1280 589 ‘lecta'‚
1310 536 1403 576 tum
1433 534 1647 589 proficisci
1677 534 1747 576 de-

220 602 370 644 bemus
402 618 428 645 a
453 603 686 659 scriptura,
718 618 844 659 quam
878 619 917 646 u.
950 604 1006 646 29
1039 604 1191 659 optimi
1222 604 1388 647 codices
1418 612 1457 647 D
1488 608 1532 647 et
1561 612 1597 647 Ε·
1627 619 1747 661 prae-

216 673 321 715 bent
352 672 473 730 (nam
491 680 531 715 V
563 673 734 716 ‘uester’
769 689 893 716 suum
925 676 963 717 ei
995 675 1068 731 qui
1092 681 1134 717 N
1166 676 1359 718 exarauit
1383 674 1632 733 persuasit).
1681 676 1746 718 illi

221 747 366 786 autem
392 744 556 787 ‘noster
578 770 629 775 —
653 746 797 789 senex'
831 747 1048 790 exhibent.
1097 749 1240 789 uatem
1264 747 1398 804 igitur
1422 748 1618 803 lyricum,
1648 746 1748 790 huic

219 815 394 858 lectioni
438 816 474 858 si
517 830 597 858 nos
642 816 894 873 addicimus,
937 820 1247 860 commemorat
1286 818 1555 874 Propertius3
1601 819 1748 860 uatem

221 887 406 942 lyricum
436 902 549 929 nunc
581 887 723 930 subito
755 888 1038 943 perspicimus
1072 904 1097 931 a
1123 888 1292 944 Lynceo
1326 891 1498 932 amante
1529 891 1573 931 et
1603 888 1747 931 studia

221 958 332 1000 seria
363 958 525 1014 aliquid
557 959 801 1001 remittente
831 960 989 1002 lectum
1021 974 1132 1015 esse,
1163 962 1212 1001 ut
1242 963 1286 1002 et
1315 961 1542 1003 uulnerum
1575 974 1750 1002 suorum

219 1029 405 1071 lenimen
449 1032 622 1084 caperet
664 1032 723 1085 et,
768 1031 806 1072 si
850 1034 1015 1086 posset,
1057 1031 1314 1074 imitaretur.
1375 1047 1472 1074 cum
1516 1034 1660 1074 autem
1703 1031 1749 1073 in

220 1101 433 1155 scriptura
464 1100 655 1143 ‘crethei'
688 1101 837 1144 littera
868 1101 928 1144 ‘h’
960 1117 1078 1145 more
1111 1103 1240 1146 solito
1273 1101 1344 1160 (cf.
1368 1102 1435 1146 III
1464 1103 1530 1159 19,
1558 1101 1632 1160 11)
1656 1117 1750 1158 per·

219 1187 368 1227 peram
402 1172 458 1213 sit
496 1171 662 1224 addita,
699 1187 750 1214 ex
782 1172 956 1215 ‘cretei'
995 1174 1148 1216 elicere
1186 1176 1359 1229 oportet
1394 1189 1552 1217 nomen
1589 1175 1749 1229 aptum.

220 1246 263 1285 et
295 1244 361 1285 cui
392 1257 480 1285 non
516 1242 561 1284 in
592 1244 844 1287 memoriam
875 1244 947 1287 hic
984 1245 1166 1287 recurrit
1197 1244 1456 1287 Ouidianum
1486 1244 1594 1287 illud
1626 1243 1750 1286 ‘Teia

220 1315 347 1357 Musa
378 1314 492 1356 senis
501 1312 528 1368 ³,
567 1314 635 1356 cui
672 1329 759 1358 non
797 1315 1079 1371 persuadetur
1118 1316 1280 1371 optime
1318 1316 1402 1358 dici
1433 1316 1749 1358 Anacreontem

220 1386 265 1427 in
290 1399 448 1441 magno
475 1385 647 1440 quidem
674 1401 818 1430 amore
842 1387 905 1428 nil
930 1386 1107 1429 iuuare?
1139 1386 1250 1429 unde
1276 1387 1448 1429 restitui
1472 1401 1579 1430 uoce
1604 1384 1748 1429 ‘nunc'

220 1472 316 1499 cum
348 1457 393 1498 ui
424 1456 609 1499 iucunda
639 1457 842 1512 repetita:

369 1528 458 1570 Aut
490 1528 590 1582 quid
620 1542 731 1571 mmo
760 1529 836 1571 Tei
866 1529 946 1571 tibi
977 1531 1159 1584 prosunt
1190 1530 1384 1573 carmina
1414 1528 1557 1572 lecta‘?

431 1598 507 1642 Nil
539 1599 662 1642 iuuat
690 1600 735 1642 in
767 1613 926 1656 magno
958 1603 1106 1643 noster
1137 1615 1282 1644 amore
1314 1615 1453 1644 senex.

219 1685 321 1712 nam
355 1670 563 1725 scriptum
595 1671 698 1713 olim
730 1673 824 1713 erat
862 1670 1032 1726 ‘1Tctei’,
1070 1672 1184 1727 quod
1221 1687 1310 1714 non
1346 1672 1603 1728 intellegens
1641 1673 1750 1715 alter

220 1742 361 1784 scriba
399 1741 572 1784 ‘cretei'
610 1741 751 1797 legere
791 1742 874 1784 sibi
911 1742 1150 1785 uidebatur.
1199 1743 1273 1785 sed
1306 1743 1507 1798 quoniam
1539 1744 1670 1786 semel
1701 1743 1748 1786 in

217 1813 299 1855 hoc
329 1814 424 1855 loco
457 1827 791 1868 commoramur,
831 1813 1055 1856 ostendam
1087 1828 1214 1868 quam
1244 1829 1404 1856 nouam
1435 1814 1572 1856 lucem
1606 1829 1746 1856 emen-

218 1884 335 1926 datio
368 1884 444 1926 illa
476 1883 660 1927 disticho
694 1884 889 1927 affundat
919 1885 1136 1940 sequenti:

425 1955 491 1997 Tu
523 1956 660 1999 satius
692 1956 827 1999 Musis
860 1970 1095 2000 memorem
1126 1957 1294 1999 imitere
1326 1955 1540 1999 Philetam

501 2026 560 2068 Et
590 2041 678 2069 non
710 2026 850 2069 inflati
882 2027 1050 2069 somnia
1081 2025 1348 2070 Callimachi.

217 2098 288 2140 hic
318 2098 475 2140 iterum
506 2112 619 2140 nunc
650 2098 854 2140 discimus
887 2097 1036 2140 ‘musis
1069 2096 1319 2140 memorem'
1352 2097 1582 2153 genuinam
1612 2097 1744 2140 fuisse

217 2169 437 2224 archetypi
475 2169 717 2225 lectionem,
755 2171 967 2212 mutatam
999 2170 1119 2212 illam
1150 2169 1296 2211 hiatus
1327 2168 1494 2211 uitandi
1526 2182 1655 2211 causa
1686 2169 1746 2212 ab

216 2240 338 2282 Italis
370 2240 414 2282 in
446 2239 694 2284 ‘memorem
726 2239 893 2286 musis'.
943 2239 996 2282 ad
1020 2240 1340 2283 Anacreontem
1365 2239 1499 2295 igitur
1529 2239 1747 2296 refugerat

218 2313 385 2353 amator
422 2314 570 2354 noster
608 2327 746 2364 serus,
785 2327 880 2355 cum
913 2327 938 2354 a
969 2311 1242 2367 philosophis
1281 2311 1369 2354 suis
1400 2311 1446 2354 in
1474 2325 1590 2354 nouo
1623 2313 1745 2353 aestu

215 2382 278 2423 nil
312 2382 461 2424 auxilii
491 2386 640 2437 posset
670 2386 827 2438 petere.
878 2397 930 2425 ex
961 2382 1081 2425 cuius
1113 2382 1308 2425 uersibus
1333 2381 1550 2438 Lynceum
1584 2382 1744 2425 seueris

216 2453 368 2495 studiis
401 2452 626 2496 adsuetum
666 2469 816 2496 uerum
847 2453 1118 2497 commodum
1149 2454 1502 2509 uoluptatemque
1532 2467 1620 2495 non
1650 2467 1743 2496 esse

215 2526 443 2579 capturum
462 2524 720 2580 intellegens
740 2525 992 2581 Propertius
1019 2539 1116 2567 eum
1141 2527 1191 2567 ut
1215 2526 1365 2580 poetas
1388 2523 1534 2579 potius
1559 2522 1743 2566 Alexan-

215 2595 360 2638 drinos
387 2595 470 2637 sibi
489 2596 722 2638 imitandos
745 2598 887 2638 sumat
906 2596 1171 2638 adhortatur.
1209 2597 1360 2638 notum
1382 2597 1448 2636 est
1473 2594 1588 2650 quod
1607 2609 1743 2650 quan-

215 2668 392 2722 tumque
423 2666 469 2708 in
501 2681 648 2708 amore
680 2667 959 2710 describendo
992 2667 1220 2710 discrimen
1252 2667 1420 2709 constet
1443 2665 1557 2707 inter
1578 2664 1741 2719 lyricos

217 2751 393 2793 graecos
420 2739 463 2779 et
482 2736 696 2779 Philetam
723 2737 1134 2792 Oallimachumque.
1184 2737 1264 2779 hos
1291 2737 1327 2779 si
1354 2735 1612 2790 sequebatur
1630 2733 1742 2789 Lyn-

172 2852 174 2855 ,
216 2823 328 2864 ceus,
359 2823 556 2863 campum
587 2808 742 2851 habuit
766 2809 811 2851 in
837 2823 921 2864 quo
949 2808 1031 2851 etsi
1056 2810 1227 2851 mutato
1253 2805 1568 2862 aliquantulum
1593 2807 1740 2848 tamen

215 2882 418 2921 consueto
458 2879 584 2921 modo
623 2879 884 2934 elaboraret3
925 2894 1026 2921 nam
1064 2879 1213 2920 limam
1250 2877 1432 2920 multam
1471 2876 1740 2932 multumque
