1898 3190
615 152 880 189 PROPERTII
904 152 995 189 LIB.
1021 153 1083 189 111.
1114 157 1167 189 13.
1195 156 1250 188 14.

292 259 395 304 Sola
423 260 569 303 Parim
599 261 814 317 Phrygiae
844 261 985 303 fatum
1015 275 1289 317 componere,
1319 261 1414 304 sola

343 330 559 374 Fallaeem
590 331 757 387 patriae
788 346 958 386 serpere
989 331 1100 374 dixit
1130 347 1300 387 equum.

227 413 273 446 65
285 401 365 444 Ille
395 402 516 445 furor
544 402 712 457 patriae
744 402 845 444 uilis
874 402 981 458 fuit,
1007 403 1079 445 ille
1109 403 1298 458 parenti:

346 473 540 530 Experta
571 476 638 517 est
669 489 795 517 ueros
825 474 951 516 irrita
980 473 1129 530 lingua
1160 472 1276 517 deos.

859 846 984 893 XIV.

279 961 419 1005 Multa
449 966 566 1018 tuae,
598 963 770 1018 Sparte,
801 963 1008 1005 miramur
1039 963 1134 1004 iura
1164 963 1429 1017 palaestrae,

337 1031 420 1075 Sed
451 1047 576 1090 mage
609 1034 792 1089 uirginei
822 1036 890 1076 tot
919 1034 1034 1075 bona
1065 1033 1301 1089 gymnasii,

277 1102 399 1153 Quod
430 1120 519 1148 non
550 1106 735 1148 infames
767 1107 934 1147 exercet
965 1119 1145 1160 corpore
1177 1105 1301 1146 ludos

334 1175 454 1218 Inter
484 1177 699 1219 luctantes
729 1177 845 1218 nuda
875 1177 1019 1231 puella
1050 1176 1188 1231 uiros,

241 1245 386 1289 bssum
415 1249 505 1303 pila
535 1248 696 1291 uelocis
728 1248 843 1290 fallit
871 1262 949 1303 per
980 1247 1157 1290 brachia
1187 1248 1340 1302 iactus,

335 1318 538 1374 Increpat
567 1322 611 1361 et
641 1319 756 1361 uersi
788 1319 923 1361 clauis
955 1319 1122 1362 adunca
1153 1319 1310 1372 trochi,

274 1388 662 1446 Puluerulentaque
694 1390 748 1432 ad
779 1392 990 1433 extremas
1023 1392 1113 1432 stat
1143 1390 1303 1432 femina
1334 1393 1472 1432 metas

332 1460 393 1503 Et
420 1461 586 1516 patitur
617 1461 723 1503 duro
755 1462 933 1503 uulnera
961 1461 1205 1517 pancrati03

274 1530 403 1575 Nunc
433 1532 544 1588 ligat
574 1533 628 1575 ad
659 1535 847 1575 caestum
878 1534 1110 1589 gaudentia
1141 1533 1319 1575 brachia
1349 1533 1471 1584 loris,

209 1614 265 1645 Ίο
335 1602 501 1646 Missile
530 1595 644 1646 riunc
676 1604 782 1646 disci
811 1604 980 1659 pondus
1012 1604 1058 1646 in
1088 1605 1191 1647 orbe
1222 1606 1356 1658 rotat3

276 1674 440 1731 Gyrum
470 1675 619 1731 pulsat
649 1675 787 1731 equis,
816 1674 993 1717 niueum
1023 1676 1137 1717 latus
1170 1690 1272 1717 ense
1303 1675 1505 1731 reuincit,

218 1757 259 1787 12
330 1746 670 1802 Virgineumque
702 1761 808 1788 cauo
840 1747 1033 1803 protegit
1064 1761 1160 1788 aere
1192 1749 1339 1802 eaput3

216 1827 260 1859 15
272 1816 333 1859 Et
362 1816 488 1859 modo
521 1817 721 1873 Taygeti,
752 1817 892 1859 'crines
924 1832 1099 1872 aspersa
1128 1818 1300 1873 pruina,

216 1898 259 1931 16
331 1887 528 1930 Sectatur
558 1888 723 1943 patrios
754 1902 830 1943 per
860 1888 963 1944 iuga
992 1889 1125 1944 longa
1155 1903 1300 1943 canes3

216 1969 259 2001 13
273 1958 423 2009 Qualis
454 1958 768 2001 Amazonidum
798 1958 975 2001 nudatis
1005 1959 1161 2002 bellica
1193 1960 1392 2002 mammis

1611 151 1696 194 133
1755 207 1759 211 ,

248 2169 340 2206 Vn.
366 2183 464 2206 nnc-r.
514 2171 723 2216 pergameis
748 2183 792 2207 ex
818 2182 939 2206 -mens
963 2182 1055 2206 corr.
1074 2174 1103 2205 P
1124 2174 1130 2215 1
1152 2171 1323 2206 Phoebas
1351 2172 1585 2209 Passeratius
1602 2175 1615 2219 11
1634 2178 1679 2209 63

152 2240 285 2274 parum
308 2233 336 2263 F
360 2241 407 2264 m.
432 2233 452 2264 1
476 2232 481 2275 1
502 2229 612 2276 frigie
636 2234 664 2264 F
691 2233 704 2276 fl
729 2235 774 2266 64
800 2242 909 2275 equm
935 2231 1061 2275 Π1165
1086 2230 1172 2265 uilis
1197 2230 1269 2265 fuit
1291 2232 1425 2276 scripsi
1451 2232 1560 2267 Misc.
1589 2231 1677 2269 orit.

147 2299 188 2334 p.
216 2292 300 2324 105:
337 2289 410 2324 fuit
439 2289 544 2324 utilis
570 2292 595 2323 0
626 2289 698 2325 fuit
722 2290 847 2325 irritus
872 2290 1109 2334 Fonteiuius,
1135 2291 1201 2336 qui
1224 2302 1259 2326 u.
1285 2301 1353 2335 seq.
1380 2291 1505 2326 diruta
1529 2291 1643 2327 Troia
1666 2292 1677 2313 Η

155 2352 200 2383 66
223 2358 338 2384 uerax
362 2352 390 2382 r

247 2419 344 2454 XIV.
391 2419 506 2455 Noua
529 2420 642 2465 eleyia
666 2431 746 2455 cum
771 2422 878 2457 titulo
902 2422 950 2457 ad
975 2424 1142 2468 spartum
1167 2424 1245 2467 (·en
1270 2425 1300 2456 V
1324 2434 1368 2457 m.
1392 2426 1419 2458 2
1445 2424 1552 2467 corr.)
1584 2423 1626 2458 in
1652 2426 1677 2457 0

154 2477 211 2523 (m
233 2481 266 2512 Π
289 2489 334 2514 m.
361 2481 380 2513 1
408 2480 568 2515 cohaeret
586 2480 724 2525 priam)
759 2480 772 2524 11
807 2484 828 2515 2
854 2481 1016 2526 ginnasii
1040 2485 1068 2515 P
1092 2482 1205 2527 gimn.
1233 2485 1265 2515 Π
1309 2482 1315 2525 1
1355 2481 1462 2517 ludos
1486 2482 1674 2518 Awratus·

152 2537 282 2574 laudes
308 2540 333 2571 0
351 2538 364 2582 fl
383 2541 404 2572 5
430 2537 573 2573 uelodis
597 2541 624 2571 F
649 2550 695 2573 m.
721 2542 761 2581 1;
786 2539 909 2575 ueloci
928 2561 971 2566 —
991 2541 1093 2576 iactu
1117 2541 1305 2587 δ’σαῑίρετ1
1335 2540 1511 2576 bracchia
1535 2546 1564 2575 D
1583 2545 1627 2586 r,
1647 2545 1676 2574 V

151 2606 197 2631 m.
222 2599 244 2631 1
275 2596 289 2641 Ι
318 2601 340 2632 6
365 2597 479 2643 uersi]
504 2608 594 2632 uera
618 2601 646 2631 1²
670 2609 714 2634 m.
741 2602 761 2634 1
785 2601 791 2641 1
812 2599 983 2635 aduncha
1007 2603 1035 2633 1²
1064 2601 1078 2646 11
1107 2605 1128 2636 8
1155 2599 1351 2645 pancracio
1376 2605 1405 2634 Ι)
1423 2603 1454 2633 V
1484 2602 1496 2644 11
1527 2605 1548 2634 9
1573 2601 1677 2646 legat

152 2656 337 2691 moestum
362 2660 389 2690 F
415 2668 460 2692 m.
486 2659 535 2699 11
557 2656 755 2692 candentia
781 2657 960 2693 Gruterus
980 2660 987 2703 1
1007 2658 1184 2694 bracchia
1207 2663 1253 2700 D,
1272 2661 1302 2691 V
1326 2670 1371 2693 m.
1398 2663 1418 2693 1
1438 2660 1451 2703 11
1477 2663 1517 2693 11
1546 2659 1674 2694 Girum

151 2717 180 2747 r
197 2717 230 2748 1
254 2714 400 2750 Circum
437 2715 563 2760 pulsat
598 2716 702 2759 equis
736 2726 758 2753 ς
795 2716 934 2761 Gyrum
967 2719 1100 2752 curuat
1135 2717 1207 2760 (uel
1237 2717 1388 2761 format)
1426 2728 1537 2762 eques
1573 2718 1675 2752 Fon

152 2773 287 2808 teinius
324 2775 330 2817 Ι
369 2784 447 2809 esse
471 2777 499 2808 1²
538 2776 544 2818 1
583 2774 717 2809 reuicit
740 2778 772 2808 Β
807 2775 821 2820 Ι
855 2787 937 2820 uu.,
969 2777 1034 2821 qui
1062 2780 1148 2811 sunt
1172 2777 1214 2810 in
1241 2779 1266 2809 0
1294 2779 1337 2811 15
1363 2780 1395 2810 et
1423 2780 1481 2820 16,
1520 2779 1604 2811 ante
1631 2781 1672 2811 13

150 2835 292 2876 transl).
316 2831 481 2878 Scaliyer
504 2837 537 2868 et
556 2832 765 2878 Canterusfl
787 2837 828 2869 15
851 2834 987 2880 taigeti
1010 2839 1038 2869 1>
1057 2837 1087 2868 V
1112 2834 1232 2880 tageti
1250 2838 1277 2868 F
1302 2835 1315 2879 11
1344 2838 1387 2869 16
1414 2835 1611 2869 Sectantur
1628 2839 1671 2878 Ἐς

151 2889 332 2926 Hortatur
355 2890 611 2936 Schraderusll
632 2895 674 2927 13
700 2893 952 2928 amazonicum
977 2897 1005 2927 F
1026 2895 1032 2939 1
1054 2904 1222 2929 mamnus
1246 2897 1277 2927 u
