1898 3190
643 167 912 204 PROPERTII
937 166 1028 202 LlB.
1053 166 1081 203 I.
1109 170 1164 201 18.
1603 160 1660 200 29

813 349 987 396 XVIII.

257 457 379 500 Haec
409 459 524 500 certe
555 456 724 498 deserta
754 455 850 496 loca
881 456 924 494 et
952 452 1171 494 taciturna
1202 451 1415 505 querenti,

315 529 375 571 Et
404 542 587 570 uacuum
618 525 803 581 Zephyri
833 523 1027 579 possidet
1058 537 1161 565 aura
1191 537 1356 564 nemus.

258 599 343 642 Hic
372 599 475 641 lieet
505 598 696 641 occultos
727 595 919 652 proferre
948 595 1108 649 inpune
1134 593 1321 649 dolores,

321 669 369 712 Si
398 669 526 712 modo
558 669 653 711 sola
683 669 843 723 queant
874 681 978 708 saxa
1008 668 1153 707 tenere
1184 664 1323 707 fidem.

225 741 382 784 5Unde
412 743 510 783 tuos
541 740 728 794 primum
758 741 970 793 repetam,
1000 751 1096 778 mea
1127 735 1332 792 Cynthia,
1362 736 1530 779 fastus?

322 811 446 861 Quod
475 810 583 853 mihi
614 810 691 852 das
720 809 871 863 flendi,
901 807 1107 863 Cynthia,
1137 807 1424 862 principium?

263 882 346 933 Qui
374 882 502 924 modo
531 881 679 923 felices
709 881 823 922 inter
852 879 1112 921 numerabar
1143 881 1356 932 amantes,

320 953 447 996 Nunc
476 953 523 995 in
554 966 698 994 amore
728 954 804 993 tuo
837 964 969 1006 cogor
998 950 1157 992 habere
1187 952 1349 992 notam.

264 1024 376 1075 Quid
406 1027 575 1066 tantum
606 1021 772 1065 merui?
804 1036 912 1076 quae
943 1024 986 1062 te
1018 1021 1124 1062 mihi
1156 1021 1335 1062 crimina
1367 1021 1567 1063 mutant?

207 1108 251 1138 ιο
322 1097 393 1138 An
422 1110 537 1138 noua
566 1093 771 1136 tristitiae
802 1107 933 1135 causa
963 1092 1108 1147 puella
1138 1092 1269 1134 tuae?

265 1165 337 1209 Sic
366 1166 474 1208 mihi
504 1169 547 1207 te
578 1164 740 1207 referas
770 1164 898 1218 leuis,
928 1166 978 1205 ut
1008 1177 1097 1205 non
1129 1163 1263 1204 altera
1293 1165 1446 1205 nostro

323 1237 491 1280 Limine
521 1236 735 1279 formosos
766 1235 912 1276 intulit
943 1233 1034 1276 ulla
1063 1234 1205 1288 pedes.
1328 1226 1334 1231 ’

266 1307 473 1359 Quamuis
504 1306 643 1349 multa
672 1305 756 1348 tibi
786 1305 908 1347 dolor
936 1305 1009 1347 hic
1039 1319 1159 1347 meus
1192 1319 1359 1360 aspera*
1376 1304 1519 1360 debet,

324 1379 427 1423 Non
456 1380 519 1422 ita
550 1393 680 1421 saeua
709 1380 856 1420 tamen
886 1377 1052 1419 uenerit
1082 1377 1148 1419 ira
1179 1391 1295 1431 mea,

209 1462 254 1493 15
265 1449 329 1493 Ut
356 1450 439 1492 tibi
469 1449 552 1492 sim
582 1449 736 1491 merito
768 1462 937 1502 semper
966 1447 1087 1490 furor
1118 1451 1161 1490 et
1190 1451 1266 1490 tua
1295 1463 1372 1503 per
1404 1464 1472 1491 me

327 1520 512 1563 Lumina
542 1519 715 1562 deiectis
746 1520 891 1574 turpia
922 1520 1011 1561 sint
1040 1519 1244 1561 lacrimis.

268 1592 339 1634 An
369 1592 470 1648 quia
499 1591 606 1632 dura
638 1590 789 1632 damus
820 1592 988 1632 mutato
1020 1590 1145 1645 signa
1176 1591 1335 1642 calore,

328 1663 387 1705 Et
415 1677 503 1705 non
533 1662 622 1704 ulla
652 1675 748 1703 meo
781 1661 938 1703 clamat
968 1661 1015 1703 in
1046 1676 1118 1704 ore
1149 1661 1284 1703 fides?

270 1733 361 1777 Vos
391 1734 511 1776 eritis
541 1735 691 1788 testes,
724 1732 759 1774 si
791 1746 898 1787 quos
929 1732 1063 1774 habet
1094 1733 1223 1775 arbor
1253 1748 1438 1784 amores,

213 1817 259 1848 20
329 1804 474 1860 Fagus
506 1806 549 1846 et
579 1803 766 1846 Arcadio
796 1802 924 1858 pinus
956 1806 1099 1845 amata
1129 1803 1227 1859 deq:

270 1876 313 1918 A
343 1875 542 1931 quotiens
572 1877 721 1917 tenera
750 1874 830 1916 has
860 1877 1067 1917 resonant
1103 1890 1199 1917 mea
1230 1876 1466 1918 uerba-sub
1492 1877 1680 1933 umbras,

333 1945 545 1989 Scribitur
575 1950 619 1988 et
647 1947 804 1988 uestris
835 1944 1022 2000 Cynthia
1054 1947 1304 1989 corticibus!

252 2136 344 2172 Vni.
370 2148 468 2171 Luc-r.
535 2134 667 2169 XVIII.
715 2134 829 2169 Noua
859 2134 972 2179 eleyia
1002 2145 1082 2169 cum
1113 2135 1220 2170 titulo
1252 2135 1300 2170 ad
1325 2136 1517 2180 cynthiam
1541 2138 1584 2171 in
1609 2139 1635 2170 0
1668 2139 1670 2183 ξ

128 2186 136 2194 ”
159 2201 179 2232 1
203 2196 367 2233 mim
389 2198 420 2229 v
444 2195 550 2240 (corr.
575 2205 643 2239 my.
668 2205 713 2228 m.
739 2195 781 2238 2)
806 2195 819 2238 fl
843 2198 863 2228 2
889 2193 954 2239 Et]
981 2194 1059 2229 Nee
1085 2193 1306 2229 Fonteinius
1327 2200 1331 2237 ι
1354 2195 1494 2240 zephiri
1518 2199 1549 2229 A
1567 2199 1595 2229 r
1613 2199 1645 2229 n
1669 2196 1679 2219 τ

160 2261 183 2292 3
213 2255 358 2292 ocultos
387 2256 466 2287 PB
511 2257 516 2296 Ι
563 2253 715 2298 impune
740 2255 818 2288 AD
848 2254 861 2296 ΙΙ
897 2256 920 2286 4
945 2254 1159 2297 quaeantn
1194 2254 1208 2298 fl
1245 2258 1265 2289 5
1292 2254 1391 2300 mea]
1417 2266 1475 2289 me
1500 2258 1527 2288 P
1552 2267 1598 2290 m.
1624 2259 1644 2290 1
1671 2255 1682 2301 Η

162 2317 183 2350 ’1
206 2312 428 2349 numerabar
449 2311 547 2346 inter
571 2314 602 2344 A
619 2314 647 2343 F
665 2312 678 2355 fl
696 2314 717 2346 9
743 2310 840 2353 Quid
863 2310 1026 2348 tandem*
1041 2311 1262 2346 Fonteinius
1282 2312 1288 2357 Ι
1310 2323 1423 2357 quam
1446 2314 1485 2348 te
1510 2316 1538 2346 F
1562 2325 1607 2349 m.
1629 2318 1648 2348 1
1674 2316 1675 2359 ᾗ

162 2371 319 2408 crimina
342 2381 381 2414 ς,
407 2369 574 2414 Lipsius:
601 2369 767 2404 carmina
792 2372 816 2403 0
841 2370 855 2415 Ι
880 2373 924 2404 10
947 2369 1156 2414 tristici(a)e
1180 2373 1212 2403 A
1229 2373 1260 2403 V
1283 2371 1296 2415 fl
1326 2375 1369 2406 12
1394 2371 1562 2407 firmosos
1587 2377 1633 2415 1),
1653 2375 1684 2405 V

161 2443 207 2467 m.
232 2434 254 2466 1
284 2430 290 2476 1
315 2430 384 2465 issa
407 2432 440 2463 1(
462 2440 506 2463 m.
533 2431 555 2462 1
591 2429 604 2473 fl
642 2431 686 2462 14
711 2439 821 2476 scena
845 2431 875 2461 V
899 2440 944 2463 m.
970 2432 991 2463 1
1023 2429 1036 2473 ΙΙ
1068 2432 1111 2463 15
1137 2428 1231 2464 fluor
1255 2430 1287 2463 A
1320 2433 1326 2474 ι
1358 2441 1425 2475 per
1450 2442 1509 2466 me
1534 2432 1682 2475 scripsi:

162 2489 283 2525 flendo
302 2492 329 2523 0
347 2500 392 2524 ea:
415 2489 726 2532 interpretamento
744 2487 794 2522 ad
811 2498 846 2522 u.
866 2498 934 2532 seq.
955 2488 1139 2532 adscripto
1156 2488 1170 2532 Β
1190 2492 1233 2522 16
1258 2488 1411 2523 deiectis
1430 2500 1470 2526 ςε
1489 2488 1637 2537 dilectis
1658 2493 1683 2524 0

164 2548 319 2585 delectis
343 2551 374 2582 V
397 2559 443 2583 m.
469 2551 494 2583 2
520 2550 552 2580 n
572 2550 577 2590 ι
599 2545 749 2591 turgida
772 2545 951 2581 Heinsius
972 2547 977 2593 Ι
999 2546 1069 2581 sim
1087 2550 1115 2580 F
1133 2558 1178 2581 m.
1199 2551 1220 2582 1
1248 2547 1262 2592 ΙΙ
1283 2551 1324 2583 17
1351 2547 1444 2582 dura.
1466 2549 1599 2593 scripsi
1623 2550 1682 2593 (cf.

167 2608 277 2643 Hice.
304 2606 394 2642 orit.
408 2618 449 2651 p.
471 2607 551 2650 79):
576 2614 693 2650 parua
717 2607 742 2638 0
766 2616 853 2640 rara
869 2605 1114 2640 Bwrma‘rmus
1137 2617 1251 2651 parca
1274 2606 1325 2641 H.
1345 2606 1506 2642 Bossclza
1527 2609 1532 2651 Ι
1555 2607 1684 2652 lingua

165 2668 202 2701 r*
218 2677 264 2702 m.
289 2669 311 2701 1
333 2669 339 2711 1
360 2665 483 2701 calore
507 2667 537 2698 V
561 2675 629 2709 my.
655 2674 700 2698 m.
726 2666 770 2699 2:
796 2664 920 2699 colore
946 2667 971 2698 0
1001 2665 1014 2709 ΙΙ
1043 2668 1087 2700 18
1112 2676 1188 2700 non
1211 2665 1317 2700 nulla
1340 2669 1369 2699 1)
1388 2668 1435 2708 V;
1466 2677 1540 2700 non
1564 2667 1684 2701 multa

167 2725 220 2761 Η.
243 2725 405 2761 Boescha
422 2726 436 2770 ΙΙ
456 2727 498 2759 19
524 2723 635 2758 arbor
657 2725 688 2756 V
712 2733 757 2757 m.
782 2726 827 2767 2,
850 2726 898 2758 1:
924 2723 1034 2759 ardor
1058 2726 1083 2757 0
1113 2726 1127 2770 ΙΙ
1157 2728 1203 2759 20
1228 2724 1405 2760 archadio
1429 2728 1456 2758 Γ
1475 2728 1507 2758 Π
1531 2725 1685 2770 argadio

168 2786 200 2818 A
218 2785 226 2828 1
246 2783 373 2818 amata
395 2787 424 2817 n
442 2785 491 2818 V:
516 2782 638 2818 amica
661 2784 692 2814 A
709 2784 737 2814 F
755 2784 787 2815 1¹
803 2782 817 2827 Ι
834 2785 879 2816 21
904 2782 963 2817 Ha
986 2786 1018 2817 A
1034 2786 1062 2816 1²
1087 2784 1144 2818 Ah
1164 2785 1270 2819 ceteri
1290 2784 1296 2830 Ι
1317 2785 1446 2819 tenera
1470 2784 1536 2818 has
1555 2784 1688 2828 scripsi

169 2843 193 2878 1.
219 2843 261 2878 L:
284 2844 430 2878 teneras
454 2845 480 2876 0
505 2843 648 2877 uestras
672 2841 731 2875 hic
754 2844 787 2875 et
811 2841 947 2876 teneris
970 2853 1007 2877 u.
1032 2846 1087 2878 22
1113 2842 1338 2878 Schraderus
1362 2846 1395 2877 et
1414 2842 1656 2886 Koppiersius
1678 2843 1681 2888 Ι

170 2912 229 2936 me
252 2902 373 2946 Ἑ122
398 2901 533 2936 nostris
558 2903 588 2934 A
606 2903 634 2933 r
658 2901 702 2944 (V
727 2911 773 2935 m.
798 2902 839 2944 2)
