1936 3216
725 169 1106 208 PROLEGOMENA.
1575 166 1681 202 XVII

153 281 200 324 in
229 295 277 324 re
305 281 551 337 perspicua,
586 295 684 323 cum
722 278 976 335 praesertim
1013 274 1223 320 eiusmodi
1252 274 1464 317 nonnulla
1500 275 1587 316 iam
1625 275 1679 316 ab

153 352 250 396 aliis
292 351 430 394 doctis
473 351 562 394 sint
604 352 854 405 obseruata3
896 349 998 392 data
1041 348 1185 404 potius
1223 347 1447 390 occasione
1489 349 1589 388 utar
1630 349 1679 388 ut

122 453 128 459 ·
155 437 290 466 unum
319 423 463 466 locum
492 422 570 464 illa
599 422 767 465 ratione
797 422 999 464 sanatum
1029 419 1246 476 copiosius
1276 418 1347 460 hic
1376 419 1571 460 tractem.
1616 415 1680 458 III

154 494 232 549 22,
265 493 468 536 11-162

271 564 419 620 Tuque
448 566 525 606 tuo
557 561 765 607 Colchum
796 562 1013 618 propellas
1042 561 1206 617 remige
1235 559 1426 603 Phasim·

326 633 607 689 Peliacaeque
637 634 774 677 trabis
804 636 947 676 totum
976 634 1059 675 iter
1087 633 1180 687 ipse
1211 632 1351 688 legas,
1375 654 1433 662 -
1465 654 1523 662 —

270 705 333 748 At
363 706 401 748 si
430 720 516 762 qua
547 707 668 763 orige
698 705 878 748 uisenda
907 707 976 748 est
1005 719 1083 747 ora
1113 703 1285 759 Caystri

329 776 390 821 Et
420 791 505 832 qua
534 779 734 832 septenas
761 778 976 832 temperat
999 775 1115 819 unda
1145 776 1253 819 uias.

151 848 273 892 nulla
301 862 353 890 ex
383 847 639 891 coniecturis
670 848 903 903 propositis
939 848 1002 890 ita
1033 861 1079 889 se
1109 845 1381 889 commendat
1418 860 1445 887 a
1474 844 1680 886 mutatio-

151 919 220 961 nis
249 918 456 961 facilitate
485 921 535 960 ut
566 933 712 961 secure
737 918 781 960 in
807 933 858 961 ea
883 918 1156 973 adquiescere
1180 917 1340 973 possis;
1371 931 1511 972 neque
1543 915 1680 958 adhuc

100 1027 105 1030 .
150 989 258 1033 satis
286 991 568 1046 respexerunt
598 989 652 1032 ad
683 1003 815 1045 graue
843 989 951 1031 illud
982 988 1073 1031 ‘tuo
1098 988 1318 1044 propellas
1343 987 1533 1043 remige',
1565 987 1679 1043 quod

148 1059 258 1103 mihi
299 1059 469 1116 quidem
512 1060 575 1102 ita
610 1062 782 1102 tantum
818 1060 1098 1103 uerbositatis
1130 1060 1291 1102 crimen
1328 1059 1515 1114 effugere
1554 1073 1680 1114 posse

150 1129 338 1186 uidetur,
375 1131 413 1173 si
449 1131 605 1174 abhinc
641 1131 774 1174 habet
810 1131 879 1174 cui
910 1131 1181 1187 respondeat.
1236 1131 1348 1173 tales
1385 1130 1680 1185 oppositiones

149 1202 200 1244 ut
228 1201 276 1243 in
304 1201 469 1245 deliciis
506 1205 630 1244 erant
666 1203 903 1257 ueteribus,
942 1203 1006 1245 ita
1035 1202 1285 1258 Propertius
1323 1201 1369 1243 in
1400 1201 1589 1243 carmine
1626 1200 1681 1242 ad

150 1271 334 1315 eundem
363 1272 537 1314 Tullum
573 1272 676 1315 dato
716 1272 755 1326 [Ι
787 1273 834 1328 6,
865 1273 941 1326 33]
980 1272 1155 1327 scripsit
1186 1271 1283 1313 ‘seu
1321 1271 1502 1326 pedibus
1540 1274 1679 1313 terras

150 1357 227 1386 seu
257 1345 439 1398 pontum
469 1358 645 1399 carpere
676 1344 804 1386 remis
834 1343 947 1386 ibis'.
989 1342 1142 1399 quodsi
1173 1343 1220 1385 in
1243 1342 1324 1384 hoc
1345 1357 1515 1398 quoque
1542 1342 1679 1384 altero

150 1414 344 1457 membro
385 1429 483 1458 eum
514 1414 671 1458 dixisse
709 1415 917 1458 sumimus
949 1413 1046 1456 ‘seu
1083 1414 1166 1456 tibi
1196 1413 1392 1456 terrestri
1422 1413 1576 1455 itinere
1607 1413 1679 1456 ad·

151 1484 315 1528 eundae
346 1488 448 1528 sunt
486 1487 683 1542 regiones
714 1484 900 1542 Caystro
933 1485 1177 1528 adiacentes
1217 1484 1414 1540 circaque
1444 1482 1536 1526 Nili
1568 1484 1681 1526 ostia

151 1555 262 1601 sitae
270 1554 300 1612 ’‚
345 1558 568 1612 tamquam
617 1557 788 1613 magica
831 1555 1014 1611 quadam
1059 1556 1183 1612 uirga
1226 1558 1453 1599 contactae
1501 1556 1680 1598 uoculae

151 1624 260 1680 ‘qua
288 1626 430 1683 orige'
461 1627 508 1669 in
538 1628 767 1682 pristinam
796 1627 982 1670 formam
1015 1625 1265 1683 ‘quadrige'
1297 1627 1496 1669 redeunt:
1525 1640 1680 1680 nempe

153 1695 190 1738 0
227 1711 307 1752 pro
342 1696 383 1738 D
419 1697 528 1754 legit
569 1698 782 1741 librarius.
842 1697 1134 1741 reminiscaris
1178 1700 1322 1741 autem
1366 1697 1495 1740 uelim
1538 1698 1680 1740 locum

151 1766 326 1810 Horatii
361 1768 510 1823 [epist.
540 1768 563 1811 I
606 1770 680 1824 11,
710 1770 792 1823 28]
825 1768 1030 1812 ‘nauibus
1067 1772 1196 1825 atque
1233 1768 1455 1824 quadrigis
1494 1769 1680 1823 petimus

152 1837 263 1880 bene
293 1838 475 1895 uiuere',
505 1841 580 1883 ubi
610 1855 714 1884 uoce
745 1840 823 1885 illa
852 1840 1002 1883 itidem
1032 1839 1216 1882 nauibus
1255 1841 1534 1894 opponuntur
1564 1839 1680 1881 uehi-

152 1909 264 1962 cula,
293 1910 448 1965 quibus
473 1910 519 1955 in
542 1913 658 1954 terra
681 1912 732 1954 fit
754 1909 902 1968 iter*).
945 1911 1116 1967 iamque
1140 1911 1382 1966 reciperare
1405 1911 1508 1953 licet
1531 1924 1681 1953 ueram

152 1982 307 2035 poetae
336 1995 523 2027 manum.
564 1997 668 2026 nam
697 1983 743 2026 iu
772 1982 899 2025 initio
930 1997 1081 2024 uersus
1112 1996 1209 2024 cum
1238 1996 1319 2037 pro
1352 1980 1439 2023 ‘at'
1470 1985 1681 2024 correcto-

153 2064 222 2094 res
251 2049 387 2094 Italos
418 2053 553 2095 secuti
584 2054 716 2110 uulgo
748 2052 834 2096 ‘et'
866 2053 1070 2108 scribant,
1100 2052 1252 2095 melius
1278 2052 1530 2095 Fonteinius
1562 2051 1680 2095 ‘aut'

153 2121 317 2177 posuit3
349 2121 615 2180 ‘quadrigae’
646 2139 749 2167 uero
780 2138 857 2179 per
887 2138 932 2166 se
963 2138 1117 2179 parum
1149 2126 1298 2178 aptum
1330 2122 1375 2179 (a
1405 2123 1532 2166 Tullo
1564 2124 1678 2165 enim

154 2192 201 2235 in
243 2193 454 2250 quadriga
493 2195 638 2250 posito
686 2196 885 2238 uisuntur
927 2194 1126 2250 regiones
1174 2193 1300 2251 illae)
1349 2192 1569 2237 lenissime
1618 2194 1681 2236 ita

154 2265 344 2307 mutetur
385 2267 435 2307 ut
476 2265 559 2309 duo
602 2266 830 2322 potissima
871 2266 1078 2308 miracula
1121 2281 1197 2321 per
1234 2265 1303 2307 ‘et
1334 2290 1389 2295 -—
1422 2264 1486 2307 et'
1525 2266 1679 2308 discer-

155 2335 333 2377 nantur:
365 2334 462 2378 ‘aut
492 2336 529 2378 si
566 2337 776 2392 quadriga
812 2338 855 2378 et
889 2337 1069 2380 uisenda
1099 2335 1186 2379 est'
1218 2351 1312 2392 eqs‚
1349 2337 1512 2380 scilicet
1543 2335 1680 2392 ‘tibi’‚

155 2405 270 2460 quod
300 2405 392 2460 ipse
421 2406 659 2449 loci-tenor
690 2407 948 2463 suppeditat.

272 2475 407 2519 Porro
438 2476 484 2518 in
519 2477 664 2531 prisco
702 2478 778 2522 illo
815 2479 960 2522 codice
996 2478 1130 2520 uerba
1166 2478 1303 2520 multa
1334 2478 1517 2521 obscura
1547 2478 1680 2521 fuisse

160 2548 205 2588 et
232 2546 346 2589 lectu
376 2547 633 2590 difficillima
664 2563 794 2603 supra
823 2549 927 2604 dixi,
960 2563 1142 2605 quorum
1174 2549 1362 2604 aliquam
1394 2549 1580 2604 speciem
1612 2563 1679 2591 ex-

157 2618 367 2672 presserit
402 2618 612 2661 imitando
650 2619 688 2661 is
725 2620 798 2674 qui
833 2620 1072 2675 descripsit.
1126 2619 1210 2662 hoc
1247 2633 1416 2675 quoque
1454 2619 1574 2661 lubet
1604 2620 1679 2661 ali-

159 2688 266 2742 q‘uot
294 2688 400 2730 locis
432 2688 667 2734 ostendere.
709 2689 731 2731 I
764 2690 836 2746 19,
870 2691 1060 2734 17-202

254 2790 291 2837 *)
321 2794 456 2838 postea
477 2793 557 2829 uidi
580 2793 658 2829 iam
684 2793 914 2839 Scaligerum
941 2794 1175 2840 ‘quadrigae'
1202 2793 1453 2840 proposuisse,
1479 2793 1543 2829 sed
1567 2793 1677 2829 inter-

154 2852 346 2896 pretatum
378 2863 458 2888 esse
485 2852 687 2898 ‘quattuor
716 2852 828 2888 urbes
852 2853 990 2899 Ephesi
1020 2852 1239 2897 nobiliores,
1269 2853 1457 2898 Ephesum
1483 2852 1680 2898 Smyrnam

161 2909 414 2957 Colophonem
439 2913 478 2947 et
500 2911 702 2948 Miletum’.
750 2911 822 2947 hae
846 2922 935 2948 sane
960 2923 1083 2958 nugae
1112 2912 1351 2958 ineptiaeque
1375 2913 1461 2947 sunt
1490 2911 1680 2947 ridiculae.

230 2977 274 3001 PB
275 2983 440 3003 rrrrrrrrr
1372 2971 1397 3007 b
