1898 3190
229 135 282 178 76
690 136 950 172 PROPERTII
975 138 1064 173 LIB.
1090 138 1135 173 II.
1161 142 1218 174 23.
1245 143 1301 174 24.

404 244 446 286 A
476 246 674 300 pereant,
706 245 743 287 si
774 260 880 301 quos
912 245 1044 288 ianua
1075 246 1220 288 clausa
1248 246 1388 289 iuuat!

346 315 526 371 Contra,
558 315 715 358 reiecto
749 330 857 371 quae
888 315 1026 358 libera
1054 316 1176 358 uadit
1207 317 1387 374 amictu,

407 386 642 430 Custodum
674 389 718 428 et
747 387 868 429 nullo
901 389 1024 442 septa
1053 387 1226 442 timore,
1257 388 1418 444 placet,

288 468 329 499 15
346 457 424 500 Cui
457 472 583 512 saepe
615 457 821 500 inmundo
855 456 985 499 Sacra
1016 458 1254 500 conteritur
1283 458 1368 501 Via
1399 475 1542 515 socco,

404 528 496 570 Nec
528 528 633 570 sinit
664 542 756 569 esse
788 543 974 583 moram,
1008 529 1044 570 si
1076 529 1170 583 quis
1203 529 1319 572 adire
1351 530 1468 573 uelit.

345 599 524 641 Differet
554 599 659 641 haec
690 613 945 654 numquam,
976 614 1054 641 nec
1085 602 1236 655 poscet
1265 587 1456 656 garrula,
1487 602 1602 657 quod
1631 604 1673 644 te

406 670 619 712 Astrictus
652 671 794 724 ploret
826 685 953 725 saepe
986 671 1153 712 dedisse
1184 673 1325 725 pater,

344 739 434 782 Nec
467 740 579 782 dicet
609 740 776 783 ‘timeoz
807 755 990 796 propera
1020 742 1107 783 iam
1139 755 1332 797 surgere,
1365 757 1542 798 quaeso3

284 822 329 852 20
404 811 578 867 Infelix,
608 811 735 853 hodie
766 812 834 853 uir
865 812 971 854 mihi
1002 827 1099 854 rure
1131 812 1278 854 uenit?

345 881 404 923 Et
435 896 540 936 quas
572 881 816 937 Euphrates
850 884 892 923 et
923 897 1029 937 quas
1061 881 1167 923 mihi
1188 883 1317 937 ¹misit
1341 882 1542 939 Orontes,

399 953 469 995 Me
500 953 693 1007 capiant:
726 953 858 994 nolim
892 953 1007 995 furta
1037 953 1236 1008 pudenda
1267 955 1366 996 tori.

338 1024 538 1066 Libertas
571 1024 774 1079 quoniam
804 1023 913 1065 nulli
945 1024 1032 1066 iam
1063 1026 1199 1066 restat
1230 1025 1411 1080 amanti,

399 1093 563 1137 Stultus
595 1095 777 1136 liberam
810 1095 891 1135 erit
923 1094 959 1136 si
993 1095 1086 1149 quis
1120 1109 1263 1137 amare
1294 1096 1424 1138 uolet.

747 1216 779 1236 k

903 1381 1070 1428 XXIV.

342 1485 427 1528 ‘Sic
461 1487 667 1541 loqueris,
698 1500 793 1527 eum
825 1488 873 1526 tu
903 1485 991 1526 iam
1021 1487 1126 1528 noto
1158 1485 1306 1528 fabula
1338 1485 1448 1528 libro

398 1558 458 1600 Et
489 1561 564 1599 tua
597 1558 654 1598 sit
683 1559 776 1599 toto
809 1555 997 1611 Cynthia
1027 1556 1140 1598 lecta
1171 1556 1264 1598 foro
1276 1555 1318 1598 ‘?’

338 1627 448 1678 Quoi
481 1643 569 1671 non
600 1628 667 1669 his
699 1627 842 1669 uerbis
875 1629 1078 1682 aspergat
1107 1629 1305 1681 tempora
1337 1627 1496 1670 sudor?

396 1700 487 1741 Aut
518 1699 656 1754 pudor
687 1698 887 1754 ingenuis
920 1701 999 1739 aut'
1026 1698 1273 1740 retinendus
1306 1713 1438 1742 amor.

301 1770 460 1819 5Quod
492 1771 528 1812 si
560 1773 651 1812 tam
682 1769 822 1811 facilis
855 1769 1040 1823 spiraret
1072 1767 1261 1823 Cynthia
1290 1771 1434 1826 nobis,

395 1840 496 1883 Non
527 1855 607 1896 ego
638 1840 854 1895 nequitiae
886 1840 1048 1882 dicerer
1080 1855 1171 1882 esse
1203 1843 1352 1896 eaput,

336 1911 427 1954 Nec
459 1913 519 1954 sie
549 1927 626 1967 per
656 1913 794 1953 totam
825 1909 1001 1952 infamis
1032 1911 1281 1953 traducerer
1310 1913 1478 1965 urbem,

311 2087 403 2124 Vim.
430 2101 525 2123 neor.
579 2092 621 2123 12
642 2087 674 2122 si
693 2098 783 2132 quas
798 2097 819 2124 ς
836 2086 985 2133 liuuant
1003 2090 1034 2120 N
1052 2098 1096 2122 m.
1117 2090 1138 2121 1
1154 2088 1163 2125 ΞΥ
1182 2091 1223 2122 13
1243 2087 1302 2122 Ha
1318 2091 1347 2121 1¹
1366 2087 1424 2122 Ah
1444 2090 1551 2123 ceteri
1565 2088 1570 2135 Ι
1586 2089 1740 2136 reiecto]

198 2176 201 2178 .
216 2146 304 2191 quia
325 2148 536 2192 (compend.)
555 2147 653 2182 lecto
672 2150 713 2188 F?
744 2147 904 2181 desidero
923 2146 1139 2180 uocabulum
1157 2156 1227 2190 quo
1246 2147 1357 2181 uestis
1375 2151 1625 2183 matronarum
1643 2149 1740 2184 indi-

216 2209 331 2248 cetur-3
355 2207 512 2249 fortasse
529 2206 722 2251 praetexto
742 2204 753 2251 Η
776 2208 816 2239 15
843 2204 1033 2239 immundo
1057 2209 1086 2237 1)
1105 2207 1135 2237 V
1153 2204 1165 2250 Η
1186 2208 1229 2239 17
1255 2205 1327 2240 hoc
1350 2209 1378 2239 1³·
1400 2207 1404 2248 Ι
1426 2207 1555 2251 posset
1577 2211 1606 2240 1)
1633 2208 1742 2252 (idem

214 2276 281 2309 my.
293 2275 363 2309 pro
376 2276 457 2300 aar.
472 2265 547 2300 lect.
567 2265 710 2310 poscet)
733 2265 738 2308 Ι
760 2263 891 2308 garula
909 2268 938 2296 1)
954 2266 984 2296 V
1006 2264 1010 2307 Ι
1033 2274 1129 2307 quae
1148 2265 1185 2298 te
1205 2267 1232 2297 F
1250 2265 1263 2309 ΙΙ
1282 2268 1325 2299 21
1346 2265 1426 2300 Hae
1445 2260 1706 2301 Lachmdmms
1733 2266 1738 2313 Ι

217 2323 380 2358 eufrates
404 2328 433 2357 D
452 2327 479 2357 F
499 2326 529 2357 V
553 2324 566 2368 u
591 2327 635 2358 22
662 2322 814 2368 capiant
839 2325 880 2356 0:
907 2322 1070 2356 iuuerint
1095 2325 1126 2355 N
1151 2323 1391 2374 interpolate]
1412 2324 1586 2369 pudenda
1609 2325 1741 2370 scripsi

216 2383 325 2417 Misc.
360 2382 450 2418 Urit.
484 2394 524 2427 p.
552 2386 614 2417 91:
649 2381 786 2427 pudica
811 2384 836 2414 0
883 2382 889 2425 Ι
928 2380 1029 2415 thori
1053 2384 1079 2414 F
1099 2384 1131 2414 N
1178 2382 1191 2426 ΙΙ
1233 2386 1279 2417 24
1318 2383 1460 2418 Stultus
1489 2383 1644 2418 liberam
1669 2383 1741 2420 erit

213 2442 364 2486 scripsi:
400 2442 534 2477 Nullus
559 2441 654 2476 liber
679 2440 750 2475 erit
774 2443 816 2484 03
850 2443 962 2475 totum
991 2451 1135 2475 uersum
1160 2452 1178 2476 e
1199 2442 1322 2486 priore
1351 2442 1609 2487 interpolatum
1627 2446 1740 2487 putat

217 2500 316 2536 Guil.
343 2500 540 2535 Fischerus

309 2570 441 2606 XXIV.
490 2570 604 2606 Noua
629 2571 741 2616 eleyia
765 2570 806 2605 in
831 2572 856 2603 0
883 2569 974 2613 (sine
999 2570 1104 2604 titulo
1128 2570 1171 2604 in
1188 2574 1218 2603 1)
1236 2573 1283 2614 V,
1309 2570 1356 2605 ad
1381 2570 1564 2606 cinthiam
1587 2572 1648 2617 F);
1673 2583 1736 2608 uu.

217 2634 332 2664 1—10
360 2629 523 2674 Scaliyer
545 2630 734 2675 prioribus
758 2629 929 2672 adiunyit
956 2628 969 2672 ΙΙ
996 2632 1012 2662 1
1043 2627 1103 2663 Sic
1128 2628 1307 2673 loqueris,
1334 2639 1417 2664 cum
1441 2630 1484 2664 tu
1507 2630 1654 2675 scripsi:
1681 2631 1738 2666 Tu

218 2688 381 2733 loqueris
407 2699 491 2723 eum
518 2689 566 2724 sit
592 2691 616 2722 0
642 2688 693 2723 sis
718 2697 740 2726 ς
769 2689 782 2732 ΙΙ
812 2692 833 2722 3
860 2686 955 2730 Quoi
978 2691 1007 2720 1>
1026 2689 1072 2721 V:
1100 2686 1167 2722 Cui
1190 2691 1218 2721 F
1236 2691 1268 2721 Ν
1300 2690 1305 2731 Ι
1340 2687 1449 2723 surdo
1474 2688 1637 2734 Scaliyer
1665 2690 1679 2734 ΙΙ
1714 2694 1737 2724 4

214 2748 386 2794 ingenuis
426 2748 492 2782 aut
528 2747 740 2783 retinendus
775 2747 923 2790 scripsi:
961 2745 1142 2790 ingenuus
1180 2747 1246 2781 aut
1276 2746 1485 2782 reticendus
1511 2750 1536 2782 0
1567 2747 1669 2783 Haut
1699 2760 1735 2794 p.

212 2806 403 2853 ingenuis,
439 2806 533 2841 haut
570 2805 673 2840 retic.
708 2816 741 2842 a..
774 2805 981 2849 Hauptius3
1019 2805 1277 2849 interpolatum
1309 2816 1454 2840 ucrswm
1484 2807 1589 2842 habet
1617 2806 1735 2842 Lach-

216 2877 374 2902 mannus
392 2866 404 2911 ss
423 2869 444 2901 5
470 2865 545 2900 iam
571 2875 592 2902 ς
611 2866 623 2910 ΙΙ
642 2868 663 2899 6
688 2862 880 2909 nequiciae
904 2868 932 2897 1>
952 2866 982 2897 V
