1898 3190
0 1102 13 1204 ..p-vvu-
0 963 17 1078 ’νην-η
0 915 10 943 ν,

686 170 950 208 ΡΒΟΡΕΒΤΠ
972 171 1062 207 LIB.
1088 170 1134 207 IL
1160 173 1217 206 20.
1648 167 1699 208 71

357 281 579 324 Ferratam
609 280 782 323 Danaes
813 279 1109 334 trasiliamque
1139 278 1325 321 domum.

298 352 365 396 De
394 355 438 395 te
470 353 767 408 quodcumque
800 352 854 393 ad
886 351 1036 393 surdas
1066 350 1176 392 mihi
1208 350 1365 392 dicitur
1396 362 1538 391 aures:

356 423 422 466 Tu
454 423 581 466 modo
613 438 668 466 ne
700 422 850 465 dubita
880 421 931 464 de
962 421 1180 477 probitate
1211 435 1318 462 mea.

241 505 284 537 15
298 493 407 537 Ossa
435 494 518 536 tibi
548 495 642 536 iuro
672 509 750 549 per
779 493 932 535 matris
963 494 1007 534 et
1038 506 1135 534 ossa
1164 494 1345 546 paterna

356 563 423 620 (Si
451 565 576 620 fallo,
607 565 715 607 cinis
744 564 830 606 heu
862 564 921 607 sit
950 563 1058 605 mihi
1088 565 1268 618 uterque
1299 561 1483 618 grauis!)

297 635 367 678 Me
396 636 479 678 tibi
510 636 565 678 ad
596 638 807 678 extremas
839 648 1108 683 mansurum,
1138 633 1249 689 uita,
1278 634 1499 675 tenebras:

355 706 520 748 Ambos
552 721 638 748 una
668 705 772 747 fides
804 704 985 760 auferet,
1016 718 1104 746 una
1134 703 1236 746 dies.

297 777 421 827 Quod
450 777 488 819 si
518 791 596 819 nec
626 791 786 819 nomen
814 790 893 818 nec
923 790 992 818 me
1022 778 1100 817 tua
1129 775 1270 818 forma
1301 777 1485 827 teneret,

237 859 284 891 2ο
355 847 509 890 Posset
539 847 765 898 seruitium
795 847 901 889 mite
932 850 1076 888 tenere
1106 848 1242 888 tuum.

297 918 510 974 [Septima
539 919 627 960 iam
658 907 810 972 plenae
842 917 1065 959 deducitur
1097 917 1241 959 orbita
1270 918 1419 972 lunae,

355 987 464 1031 Cum
496 988 547 1030 de
578 1002 646 1030 me
677 991 720 1030 et
752 987 804 1029 de
836 991 880 1029 te
912 987 1102 1042 compita
1130 988 1253 1029 nulla
1282 991 1447 1030 tacent:

297 1059 466 1102 Interea
495 1059 620 1101 nobis
651 1073 739 1101 non
768 1073 973 1114 umquam
1005 1058 1134 1100 ianua
1165 1058 1329 1114 mollis,

353 1129 456 1173 Non
485 1145 690 1185 umquam
721 1130 822 1172 lecti
853 1130 977 1185 copia
1007 1129 1124 1172 facta
1154 1130 1249 1183 tui.]

237 1213 283 1244 25
295 1202 387 1246 Nec
417 1201 526 1243 mihi
556 1201 804 1243 muneribus
835 1215 922 1243 nox
952 1201 1044 1243 ulla
1075 1203 1141 1243 est
1171 1203 1317 1255 empta
1346 1202 1507 1243 beatis:

355 1272 565 1328 Quicquid
597 1287 732 1328 eram,
762 1272 845 1315 hoc
875 1272 1009 1314 animi
1039 1272 1183 1328 gratia
1212 1286 1372 1328 magna
1401 1273 1479 1314 tui.

296 1343 404 1387 Cum
434 1346 477 1386 te
507 1345 600 1385 tam
630 1343 756 1385 multi
786 1345 1000 1398 peterent,
1030 1346 1080 1385 tu
1110 1357 1178 1385 me
1209 1357 1295 1384 una
1324 1343 1493 1398 petisti:

352 1413 535 1457 Possum
566 1428 646 1470 ego
677 1416 858 1456 naturae
888 1428 976 1456 non
1007 1414 1254 1455 meminisse
1285 1413 1417 1455 tuae?

295 1485 404 1527 Tum
434 1499 503 1527 me
533 1485 604 1527 uel
634 1485 825 1540 tragicae
856 1485 1020 1527 uexetis
1052 1484 1260 1540 Erinyes,
1291 1487 1334 1526 et
1364 1499 1433 1526 me

236 1567 282 1598 30
353 1555 527 1598 Inferno
560 1556 754 1610 damnes,
784 1555 944 1611 Aeace,
974 1555 1148 1607 iudicio,

295 1626 440 1682 Atque
471 1627 584 1669 inter
614 1626 733 1681 Tityi
762 1626 962 1668 uolucres
994 1641 1090 1668 mea
1119 1641 1259 1681 poena
1290 1629 1489 1682 uagetur,

354 1697 547 1752 Tumque
579 1711 659 1753 ego
692 1696 892 1752 Sisyphio
925 1712 1029 1739 saxa
1058 1697 1207 1740 labore
1238 1711 1398 1753 geram.

293 1768 385 1811 Nec
414 1771 463 1810 tu
496 1768 762 1824 supplicibus
793 1782 861 1809 me
893 1768 952 1810 sis
985 1770 1190 1810 uenerata
1220 1768 1414 1810 tabellis:

352 1838 519 1881 Ultima
548 1838 652 1881 talis
684 1838 767 1880 erit
798 1852 907 1894 quae
938 1852 1034 1880 mea
1065 1839 1206 1893 prima
1236 1839 1354 1882 fides.

235 1921 280 1952 35
293 1909 387 1952 Hoc
418 1909 526 1951 mihi
556 1911 761 1964 perpetuo
792 1909 859 1951 ius
891 1912 974 1963 est,
1006 1909 1120 1964 quod
1151 1910 1268 1952 solus
1300 1913 1468 1953 amator

352 1980 444 2023 Nec
476 1981 562 2023 cito
594 1980 751 2022 desisto
783 1994 862 2022 nec
892 1982 1052 2021 temere
1082 1980 1254 2036 incipio.

270 2119 359 2156 Vm
387 2132 485 2156 mer.
538 2123 580 2154 12
599 2120 753 2154 Ferrata
770 2122 798 2152 P
819 2120 825 2164 1
846 2119 1177 2164 musiliamque'v
1194 2132 1262 2166 my.
1282 2133 1328 2156 m.
1348 2125 1391 2157 2:
1418 2124 1494 2162 stas
1518 2123 1699 2169 iliamque

174 2195 204 2225 1)
216 2194 245 2224 r
257 2190 513 2235 stasiliamqne
527 2193 558 2224 R
570 2193 601 2224 V
620 2193 678 2236 (ex
694 2175 815 2234 τῖιείΙ.)
834 2190 847 2234 [Ι
869 2194 911 2224 14
936 2190 1124 2235 probitate
1148 2191 1408 2227 Burmannus:
1434 2194 1622 2238 grauitate
1642 2198 1667 2229 0
1687 2196 1696 2241 {j

179 2252 222 2284 15
245 2250 403 2295 paterna
426 2250 654 2293 Hoeufftius:
681 2248 844 2294 parentis
871 2250 927 2293 0ss
955 2254 997 2285 16
1021 2249 1118 2285 falso
1143 2253 1175 2283 Π
1199 2262 1244 2285 m.
1270 2254 1291 2285 1
1315 2252 1320 2295 Ι
1341 2250 1416 2286 heu
1440 2254 1646 2297 suppunaeit
1669 2258 1698 2288 Ε·

176 2319 223 2343 m.
247 2311 275 2344 2
305 2309 319 2353 Ι
349 2311 393 2343 19
419 2307 517 2349 Quid
539 2312 568 2342 1)
587 2311 618 2341 V
647 2309 661 2353 fl
690 2312 736 2343 20
761 2308 914 2343 Possem
937 2312 967 2342 1)
986 2311 1017 2341 V
1041 2309 1097 2354 (in
1120 2309 1186 2344 hoc
1209 2319 1301 2345 corr.
1326 2321 1369 2344 m.
1395 2312 1436 2355 2)
1467 2314 1471 2355 Ι
1501 2311 1609 2356 mitte
1634 2316 1662 2346 F
1685 2313 1698 2358 pf

177 2370 318 2402 21-24
353 2367 439 2402 hinc
463 2367 702 2402 alienissimos
726 2368 861 2402 inclusi
890 2378 965 2403 non
988 2371 1031 2402 ut
1053 2369 1307 2413 interpolatos,
1341 2369 1403 2404 sed
1432 2373 1474 2404 ut
1502 2371 1598 2413 falso
1623 2371 1698 2407 loco

175 2428 353 2461 extantes:
377 2426 531 2469 fortasse
555 2428 639 2460 ante
662 2429 720 2469 21,
748 2430 765 2460 1
792 2427 972 2470 ponenda}
1007 2430 1160 2462 ceterum
1184 2430 1252 2471 23,
1278 2430 1329 2462 24
1354 2428 1492 2464 delebat
1515 2429 1663 2465 Keilius
1685 2431 1698 2476 Η

175 2489 222 2520 23
251 2496 328 2520 11011
349 2488 515 2529 nuquam
538 2487 566 2518 F
593 2485 637 2529 (V
660 2496 704 2520 m.
731 2486 772 2530 2)
808 2485 822 2530 ΙΙ
857 2489 903 2520 24
925 2496 1000 2520 non
1024 2489 1189 2530 nuquam
1213 2489 1240 2519 1¹
1266 2487 1470 2532 (nunquam
1494 2490 1525 2520 V
1549 2499 1594 2522 m.
1619 2490 1660 2533 2)
1686 2490 1697 2533 ἒξ

176 2547 222 2579 25
248 2544 338 2589 epta
361 2543 526 2591 1112?oe
540 2543 812 2589 metamri128
832 2543 974 2579 Possim
995 2544 1158 2591 Gwyetus
1179 2547 1184 2587 ξ
1207 2556 1302 2590 egon
1321 2550 1363 2581 a!
1389 2557 1498 2582 curae
1519 2547 1698 2582 Heinsius

175 2601 346 2637 fortunae
370 2603 612 2637 Burmannus
635 2603 755 2637 senior
772 2603 785 2647 ΙΙ
803 2606 847 2637 29
873 2602 1031 2639 eriniens
1057 2604 1189 2648 (altera
1213 2616 1238 2638 n
1262 2607 1484 2649 suppwncta)
1508 2609 1536 2639 F
1562 2605 1696 2640 erinies

175 2663 208 2694 Π
231 2660 428 2706 herynides
452 2666 480 2695 n
507 2661 676 2706 erynides
700 2664 731 2694 V
755 2662 768 2707 fl
792 2666 837 2697 30
862 2663 976 2698 eache
999 2663 1044 2705 (h
1070 2674 1255 2708 suppunae.
1280 2675 1325 2699 m.
1351 2666 1391 2709 2)
1416 2667 1446 2698 V
1464 2666 1477 2710 ΙΙ
1496 2669 1538 2699 31
1564 2665 1645 2700 ticii
1672 2668 1696 2699 0

174 2719 267 2764 tycii
290 2722 322 2754 1¹
361 2722 367 2765 ι
404 2731 525 2765 poena
554 2731 621 2756 om.
646 2723 692 2765 P,
717 2721 802 2756 add.
832 2732 901 2766 my.
935 2733 982 2758 m.
1007 2726 1033 2758 2
1068 2723 1082 2767 ss
1117 2726 1162 2757 32
1201 2722 1375 2767 sysipheo
1400 2726 1428 2756 F
1446 2726 1478 2756 Π
1505 2724 1580 2769 (sed
1604 2724 1645 2757 in
1669 2727 1696 2756 F

172 2779 280 2822 prior
303 2790 322 2813 s
346 2790 371 2814 a
393 2790 438 2813 m.
459 2781 484 2814 2
510 2779 610 2823 add.)
629 2780 643 2824 11
661 2783 705 2814 33
731 2779 960 2824 simplicibus
977 2784 1005 2814 F
1022 2792 1068 2816 m.
1087 2785 1108 2816 1
1132 2783 1138 2826 Ι
1159 2782 1337 2816 uenerata
1360 2782 1515 2816 nimium
1534 2785 1567 2816 et
1578 2793 1697 2826 paene

176 2836 390 2880 ridiculum3
414 2838 567 2881 fortasse
591 2838 728 2873 uenata
746 2838 823 2873 coll.
848 2837 955 2874 Ouid.
975 2851 1008 2875 α.
1030 2852 1063 2875 a.
1086 2839 1108 2881 J
1126 2843 1171 2874 89
1190 2841 1203 2885 ΙΙ
1221 2843 1265 2875 35
1291 2840 1348 2875 ius
1374 2842 1431 2892 est
1455 2841 1696 2884 deprauatum

178 2894 342 2938 uidemm
366 2907 455 2930 num
478 2896 608 2932 laudes
633 2897 693 2941 (=
706 2896 894 2941 laudabis)
913 2896 934 2931 ‚2
