1936 3216
227 189 296 224 ΧΠ
413 164 421 166 ’
811 191 1187 230 PROLEGOMENA.

223 299 323 352 fecit
351 314 485 354 praue
511 306 610 355 AF3
646 300 667 342 I
693 301 733 356 2,
753 301 808 343 29
840 302 960 344 dictis
991 301 1163 357 egregie
1195 303 1415 359 multoque
1447 303 1757 360 significantius

228 368 300 426 (cf.
333 369 479 412 Ouidii
510 372 609 414 met.
642 371 749 413 XIII
785 371 887 428 127)
917 379 1020 415 DV:
1051 373 1187 416 uerbis
1218 373 1421 430 languide
1451 381 1551 430 AF3
1582 375 1605 418 I
1635 376 1675 431 8,
1703 376 1756 418 19

223 444 334 484 utere
378 442 564 497 perbene
607 450 710 485 DV:
760 446 807 485 ut
848 447 884 485 te
921 450 1003 486 AF
1039 444 1102 486 ita
1144 447 1195 487 ut
1232 445 1371 488 adhuc
1414 461 1493 501 pro
1532 446 1756 502 desperato

226 512 360 554 fuerit
397 512 528 567 100118.
585 515 738 556 contra
774 512 795 555 I
833 514 880 568 3,
916 514 973 556 43
1013 515 1155 557 leuiter
1190 539 1239 545 —
1273 516 1469 569 querebar
1505 519 1619 560 recte
1655 523 1756 561 AF:

222 584 409 638 yrauiter
443 608 494 614 —
530 585 720 639 loquebar
757 585 870 627 male
901 592 988 629 DV
1019 585 1257 642 itidemque
1290 586 1387 630 aliis
1418 575 1538 631 locis.
1589 588 1635 630 in
1659 587 1757 631 tali-

229 655 309 696 bus
336 655 472 710 igitur
491 656 673 698 duarum
699 656 964 698 familiarum
983 647 1285 713 dis'crepantiis
1317 658 1498 701 internis
1517 659 1757 702 rationibus

226 729 401 781 oportet
432 726 733 782 diiudicemus‚
772 728 819 770 in
849 730 948 770 utra
980 743 1129 771 eorum
1161 736 1197 772 0
1229 730 1382 772 melius
1420 730 1477 773 sit
1506 730 1758 786 descriptus,

225 797 333 839 haut
370 812 469 839 raro
510 798 682 853 quidem
720 798 838 841 facili
875 800 1052 856 negotio
1089 800 1204 842 inter
1236 815 1280 842 se
1321 801 1544 845 conciliari
1574 804 1758 857 possunt

226 868 422 911 diuersae
461 869 721 924 scripturae:
760 885 822 912 ex.
855 885 918 927 gr.
951 871 1100 913 eodem
1130 871 1310 914 redeunt
1340 872 1362 914 I
1394 873 1439 929 6,
1469 874 1500 916 4
1534 874 1759 917 memom‘as

225 946 325 983 AF:
355 942 403 983 in
433 941 617 984 emonias
646 949 749 996 DV3
787 941 831 983 II
869 942 916 997 5,
948 943 1002 984 21
1035 943 1233 996 periurae
1262 950 1365 987 DV:
1388 946 1560 999 periuro
1590 951 1676 988 FN
1707 960 1759 987 ex

227 1027 396 1054 summa
433 1007 677 1054 litterarum
708 1027 728 1055 e
759 1016 802 1055 et
832 1027 855 1055 o
893 1013 1172 1056 similitudine
1208 1015 1510 1070 explicandum
1522 1013 1577 1071 ²²²).
1627 1029 1756 1070 porro

226 1083 263 1125 si
295 1098 358 1125 ex.
389 1097 452 1139 gr.
483 1083 527 1125 Π
558 1085 628 1140 24,
659 1085 716 1127 26
748 1088 787 1128 et
815 1085 933 1127 modo
964 1085 1017 1127 ab
1046 1086 1176 1140 infido
1205 1092 1293 1129 Dv
1322 1086 1513 1142 tradunt,
1543 1093 1580 1129 F
1612 1088 1758 1128 autem

225 1154 330 1196 illud
362 1155 414 1197 ab
445 1155 573 1209 infido
605 1155 772 1198 omittit
802 1154 930 1212 (quae
963 1171 1094 1199 causa
1127 1159 1222 1199 erat
1253 1157 1567 1201 correctoribus
1598 1158 1648 1199 ut
1675 1170 1758 1200 ser-

225 1229 322 1269 uato
354 1226 423 1268 uel
452 1226 599 1279 fallaci
629 1227 843 1269 similiaue
876 1226 1122 1282 adderent),
1153 1227 1265 1270 hanc
1297 1229 1576 1271 omissionem
1608 1228 1759 1271 statim

223 1297 510 1352 perspicimus
549 1298 745 1341 euenisse
788 1298 887 1340 inde
926 1298 1040 1354 quod
1072 1298 1163 1341 eius
1196 1299 1440 1356 apographi
1477 1300 1590 1342 unde
1620 1306 1656 1342 Ε·
1687 1299 1760 1342 ‹le-

227 1368 395 1411 seendit
425 1369 627 1411 librarius
660 1384 686 1411 a
718 1368 882 1412 ‘modo'
917 1369 971 1412 ad
1004 1369 1178 1412 ‘infido'
1211 1370 1345 1412 oculis
1383 1370 1618 1414 aberraret.
1668 1384 1759 1413 sae-

226 1439 325 1495 pius
363 1442 510 1482 tamen
549 1440 863 1496 discrepantiae
901 1440 1002 1483 illae
1040 1455 1091 1483 ex
1128 1440 1298 1484 diuersa
1341 1440 1580 1484 scribarum
1616 1441 1759 1485 indole

230 1513 330 1553 sunt
349 1511 623 1567 repetendae:
644 1512 810 1554 minore
829 1511 1057 1566 prudentia
1078 1511 1272 1554 familiae
1285 1518 1377 1566 AF,
1398 1513 1562 1556 maiore
1579 1513 1759 1556 alterius

227 1583 419 1625 familiae
456 1598 613 1638 parens
651 1583 835 1639 insignis
874 1586 978 1626 erat.
1028 1584 1102 1626 sed
1143 1584 1217 1626 ubi
1254 1584 1410 1627 melior
1448 1584 1759 1640 intellegentia,

227 1654 288 1696 ibi
319 1654 557 1709 periculum
590 1669 758 1710 quoque
791 1654 914 1697 adest
949 1669 1004 1697 ne
1036 1655 1178 1698 scriba
1214 1670 1476 1711 quamquam
1505 1670 1594 1698 non
1624 1669 1759 1711 agens

205 1727 514 1768 *correctorem
550 1728 697 1769 tamen
730 1726 1045 1782 quodammodo
1084 1727 1245 1769 inuitus
1282 1741 1363 1782 pro
1395 1741 1472 1769 suo
1509 1728 1640 1782 captu
1670 1740 1760 1769 cor-

226 1796 342 1852 rigat
379 1796 565 1839 obscura
605 1799 862 1853 corruptaue
903 1797 1126 1852 archetypi
1167 1798 1311 1840 uerba.
1361 1798 1422 1840 sic
1451 1797 1497 1840 II
1530 1798 1572 1852 1,
1603 1797 1658 1840 31
1699 1800 1760 1840 at-

227 1871 383 1910 tractus
414 1868 460 1910 in
493 1875 529 1911 Ο
561 1868 696 1911 fuisse
728 1869 972 1924 putauerim
1002 1868 1128 1924 idque
1159 1872 1209 1912 ut
1241 1870 1386 1912 sensui
1421 1883 1576 1925 parum
1607 1870 1759 1924 aptum

227 1940 273 1981 111
315 1940 451 1982 altero
491 1939 744 1995 apographo
782 1939 829 1981 in
861 1943 1015 1982 tractus
1045 1942 1279 1996 mutatum3
1310 1936 1374 1983 sic
1403 1940 1498 1983 1000
1525 1940 1759 1983 multorum

229 2011 488 2053 coniecturis
525 2014 573 2053 ut
610 2011 845 2067 ingeniosis
883 2011 946 2054 ita
982 2011 1242 2054 turbulentis
1275 2012 1449 2067 obruto,
1487 2010 1562 2067 qui
1598 2010 1758 2066 legitur

227 2081 272 2124 II
306 2081 378 2137 15,
409 2082 466 2124 25
487 2097 567 2138 sq.:

408 2177 551 2233 Atque
583 2177 749 2220 utinam
780 2178 1006 2220 haerentes
1038 2179 1100 2220 sic
1130 2192 1210 2220 nos
1241 2177 1403 2220 uincire
1435 2178 1588 2220 catena

471 2248 630 2304 Velles‚
661 2251 710 2291 ut
739 2264 975 2305 numquam
1007 2249 1194 2292 solueret
1223 2248 1316 2291 ulla
1347 2248 1450 2304 dies,

323 2414 357 2460 ²¹³)
395 2414 447 2450 sic
481 2413 593 2450 etiam
627 2414 808 2449 lectiones
840 2413 960 2460 primo
996 2413 1130 2459 optutu
1162 2413 1273 2449 ualde
1305 2412 1536 2449 discedentes
1567 2423 1673 2448 suam
1698 2422 1756 2448 auc—

229 2474 372 2520 cipiunt
396 2474 538 2517 lucem,
563 2474 607 2508 ut
631 2473 666 2508 II
693 2476 756 2518 34,
783 2476 847 2518 53,
871 2472 937 2508 ubi
961 2473 1112 2508 restabit
1137 2483 1334 2518 erumpnas
1358 2476 1386 2506 F
1411 2472 1604 2508 restauerit
1636 2471 1758 2507 wndas

230 2536 299 2568 DV
325 2533 511 2569 exhibent.
549 2533 641 2577 puto
667 2531 705 2567 in
726 2535 751 2566 0
770 2532 884 2567 fuisse
909 2532 1061 2567 restabit
1078 2532 1201 2567 undas
1221 2531 1484 2577 suprascriptis
1502 2530 1600 2566 inter
1617 2531 1757 2566 utram-

229 2603 300 2638 que
327 2602 460 2627 uocem
492 2590 630 2626 litteris
663 2601 759 2636 quae
794 2590 1017 2626 uidebantur
1049 2601 1108 2634 er3
1141 2602 1234 2636 quas
1270 2590 1366 2626 alter
1389 2589 1510 2626 scriba
1535 2589 1584 2625 ad
1607 2589 1759 2625 restabit

229 2652 324 2688 alter
349 2651 398 2686 ad
421 2651 544 2687 undas
568 2650 763 2686 trahentes
788 2649 894 2690 uaria
919 2649 1205 2695 descripserunt.
1250 2649 1348 2685 unde
1371 2649 1529 2685 fortasse
1563 2648 1759 2694 simplicis—

229 2711 323 2747 sima
355 2710 430 2746 loci
461 2710 620 2745 multum
653 2709 780 2745 uexati
817 2709 1028 2745 emendatio
1062 2710 1120 2744 est
1150 2709 1281 2745 haece:
1317 2707 1500 2744 ‘restabit
1530 2708 1569 2743 et
1602 2707 1756 2751 undas’,

230 2771 437 2807 subiectum
469 2769 603 2805 horum
634 2769 832 2804 uerborum
864 2779 948 2804 cum
978 2768 1141 2814 pendeat
1173 2779 1192 2803 e
1217 2781 1252 2804 u.
1279 2771 1323 2803 51
1353 2766 1503 2802 ‘nulla'
1531 2767 1570 2802 et
1593 2766 1634 2801 id
1657 2766 1757 2811 quod

230 2832 287 2866 est
316 2830 396 2866 ‘et’
424 2840 491 2875 pro
520 2828 676 2864 ‘etiam’
706 2827 756 2863 sit
779 2828 939 2873 positum
968 2826 1027 2873 (cf.
1054 2828 1089 2862 II
1117 2831 1155 2871 9,
1185 2828 1256 2873 18).
1305 2829 1338 2861 Π
1363 2827 1489 2862 autem
1514 2825 1606 2871 quid
1627 2825 1757 2861 ualeat

228 2891 301 2926 hoc
326 2900 474 2935 quoque
499 2889 582 2924 loco
601 2888 644 2923 fit
662 2886 918 2931 manifestum3
948 2887 1176 2933 ‘erumpnas’
1199 2886 1308 2932 enim,
1333 2884 1499 2921 familiae
1517 2894 1605 2921 suae
1624 2883 1755 2920 lectio-

229 2960 328 2996 nem,
353 2960 437 2984 cum
455 2948 574 2984 metro
593 2958 668 2983 non
688 2946 884 2983 conuenire
909 2946 1065 2992 uideret,
1090 2945 1227 2982 omisit.
