1898 3190
704 154 1079 192 PROLEGOMENA
1560 155 1663 192 XXV

137 263 185 306 id
214 263 330 320 quod
360 267 427 307 est
457 264 623 320 ‘nuper’
655 265 886 321 exprimat:
917 264 970 306 cf.
995 278 1059 306 ex,
1078 278 1140 320 gr.
1167 263 1210 306 II
1240 264 1305 319 16,
1325 264 1400 319 373
1432 264 1475 306 II
1502 264 1571 319 34,
1590 265 1660 307 91.

138 335 324 378 mutauit
359 338 503 379 autem
540 336 646 378 illud
678 335 826 378 ‘modo
857 333 953 377 lux'
990 349 1066 389 per
1103 349 1148 377 se
1190 350 1319 377 sensu
1359 349 1532 378 cassum
1563 335 1663 377 libri

137 410 181 448 V
208 407 425 448 corrector
448 406 682 448 secundum
706 405 750 447 Π
770 406 841 461 28,
861 405 929 447 59.
968 405 1042 447 sed
1062 406 1276 461 quomodo
1302 421 1394 461 nos,
1425 406 1498 461 qui
1522 406 1662 460 ipsum

137 475 244 519 illud
275 475 447 520 ‘modo'
486 492 615 532 quam
651 477 837 519 maxime
874 476 1144 518 retinendum
1182 477 1490 533 intelleximus,
1520 479 1662 520 totum

137 547 279 591 locum
315 547 540 590 reddemus
571 546 845 603 integritati?
899 546 1102 588 nimirum
1139 549 1307 590 remoto
1338 548 1548 591 Italorum
1584 549 1662 604 fig-

137 619 281 660 mento
309 619 353 660 et
375 618 470 672 ipso
492 624 528 660 0
554 618 792 673 reciperato
823 632 984 660 nouam
1014 617 1396 673 interpolationem
1427 619 1661 674 deprehen-

137 687 276 731 dimus
309 689 485 744 antiquo
511 692 703 744 tempore
727 689 921 731 inlatam.
938 684 944 691 ”
959 688 1020 731 sic
1039 689 1153 731 enim
1179 703 1259 746 ego
1280 691 1438 742 statuo,
1463 691 1662 733 uoculam

137 758 241 801 ‘lux’
273 761 316 802 et
346 760 485 815 ipsam
517 760 620 802 olim
650 759 907 802 inculcatam
938 774 1031 802 esse
1064 759 1118 802 ab
1151 775 1200 802 eo
1230 761 1305 816 qui
1335 761 1380 803 in
1412 776 1488 804 suo
1521 776 1660 803 exem-

136 830 249 886 plari
278 830 342 872 nil
371 831 456 873 nisi
488 830 709 874 ‘hesterna
739 831 868 874 modo
901 846 997 874 cum
1034 833 1162 886 potus
1193 835 1320 874 nocte
1358 832 1564 889 uagarer'
1595 833 1663 875 in-

136 902 344 945 uenisset:
376 902 562 957 sumpsit
592 902 807 957 syllabam
833 902 1098 944 deficientem
1130 917 1180 944 ex
1213 903 1361 945 eodem
1392 918 1477 959 quo
1510 906 1662 959 postea

137 974 352 1016 corrector
375 973 510 1015 Italus
540 972 675 1028 fonte,
705 987 859 1028 parum
890 973 963 1015 ille
990 974 1163 1030 quidem
1195 975 1404 1017 sollicitus
1437 974 1487 1017 de
1518 975 1662 1017 latini-

135 1043 234 1085 tate·
264 1043 533 1086 balbutienti.
582 1044 719 1087 accito
751 1046 895 1086 autem
934 1047 1176 1088 commento
1215 1045 1452 1088 Heinsiano
1491 1061 1662 1101 unaque

134 1113 326 1156 litterula
357 1113 427 1169 ‘p'
459 1113 625 1158 adiecta
655 1115 719 1157 ita
749 1130 920 1158 uersum
951 1116 1120 1158 refinxi:
1153 1116 1375 1160 ‘Extrema
1406 1117 1533 1160 modo
1565 1132 1662 1160 cum

126 1186 336 1240 perpotus
365 1188 492 1229 nocte
522 1186 734 1242 uagarer’.
770 1202 873 1230 nam
898 1188 1156 1243 perpotandi
1183 1189 1361 1231 uerbum
1387 1204 1517 1245 quam
1548 1189 1660 1231 belle

136 1255 369 1299 conueniat
411 1259 625 1300 extremae
667 1258 784 1300 nocti
830 1258 900 1314 (cf.
933 1274 973 1301 u.
1005 1257 1100 1315 23),
1141 1262 1253 1315 tute,
1291 1261 1427 1303 lector
1470 1260 1662 1314 candide,

134 1327 332 1370 lubenter
361 1327 579 1386 concedes.
611 1352 667 1359 —
699 1328 765 1371 III
801 1330 867 1384 14,
902 1330 1091 1372 11—20:

311 1409 475 1466 G‘yrum
505 1412 650 1466 pulsat
681 1411 811 1467 equis,
842 1412 1014 1454 niueum
1045 1413 1158 1455 latus
1191 1427 1291 1456 ense
1322 1414 1506 1456 reuincit

375 1481 714 1538 Virgineumque
746 1498 852 1526 cauo
884 1483 1075 1540 protegit
1106 1499 1201 1527 aere
1234 1488 1374 1540 caput,

313 1552 459 1603 Qualis
490 1553 804 1596 Amazonidum
835 1554 1009 1597 nudatis
1042 1555 1196 1598 bellica
1228 1557 1427 1599 mammis

377 1623 775 1668 Thermodontiacis
807 1625 935 1668 turba
966 1626 1138 1669 lauatur
1168 1627 1310 1683 aquis3

208 1707 251 1739 15
311 1693 372 1736 Et
401 1694 528 1737 modo
560 1695 743 1752 Taygeti
775 1697 914 1738 crines
946 1711 1122 1752 aspersa
1153 1697 1310 1753 pruina

379 1763 577 1808 Sectatur
609 1766 776 1821 patrios
807 1781 884 1822 per
914 1767 1016 1823 iuga
1046 1768 1180 1824 longa
1212 1784 1358 1825 canes3

312 1834 460 1893 Qualis
492 1839 535 1879 et
564 1836 756 1879 Eurotae
788 1837 939 1880 Pollux
971 1841 1014 1880 et
1046 1837 1201 1882 Castor
1231 1840 1418 1896 harenis,

377 1906 460 1949 Hic
490 1907 629 1950 uictor
658 1908 830 1964 pugnis,
860 1909 935 1952 ille
965 1910 1137 1953 futurus
1170 1911 1304 1967 equis,

310 1977 430 2020 Inter
460 1993 568 2034 quos
599 1978 762 2022 Helene
793 1979 920 2022 nudis
953 1995 1106 2036 capere
1138 1996 1257 2024 arma
1288 1983 1463 2038 papillis
1529 1981 1546 1997 ⁶

205 2062 253 2094 20
376 2048 534 2091 Fertur
562 2064 640 2092 nec
671 2049 825 2093 fratres
858 2052 1079 2094 erubuisse
1111 2051 1225 2095 deos.

134 2131 368 2188 imaginem
398 2147 467 2174 uu.
490 2132 544 2174 13
570 2135 614 2175 et
643 2133 697 2175 14
727 2134 998 2189 propositam
1030 2135 1121 2176 iure
1152 2135 1492 2191 perhorruerunt
1524 2137 1661 2179 critici

136 2202 392 2258 anteriores,
428 2217 566 2259 neque
599 2203 833 2259 quidquam
870 2205 963 2247 uidi
995 2205 1210 2248 infelicius
1250 2210 1492 2250 commento
1525 2208 1658 2250 Lach-

135 2273 284 2315 manni
320 2287 471 2316 uocem
508 2273 721 2316 ‘lauatur'
761 2275 987 2318 commatis
1018 2276 1274 2319 includentis
1290 2277 1350 2334 '¹‘);
1397 2279 1519 2334 quasi
1557 2294 1659 2322 uero

136 2343 413 2399 antiquorum
457 2344 713 2399 scriptorum
750 2360 837 2388 non
880 2347 1021 2402 prima
1065 2347 1219 2390 fuisset
1262 2349 1329 2390 lex
1367 2350 1501 2392 uerba
1545 2351 1658 2393 clare

78 2455 82 2459 .
135 2414 442 2470 perspicueque
484 2429 663 2471 ponere,
704 2417 894 2459 nondum
944 2418 1107 2461 scilicet
1149 2420 1316 2462 exculta
1360 2435 1410 2462 ea
1453 2436 1537 2476 qua
1580 2436 1659 2464 nos

134 2484 263 2527 hodie
294 2484 458 2527 utimur
487 2485 820 2542 interpungendi
851 2488 1032 2532 ratione.
1070 2489 1116 2531 in
1141 2490 1427 2546 descriptione
1458 2492 1660 2534 instituta

229 2602 265 2647 ³⁸)
295 2601 430 2637 falsum
455 2612 535 2638 esse
563 2602 842 2640 Lachmannum
872 2616 916 2641 eo
941 2617 1089 2651 quoque
1115 2607 1300 2643 euincitur
1325 2608 1424 2652 quod
1452 2608 1657 2644 ‘lauantur’

135 2660 261 2706 potius
285 2659 326 2696 in
350 2664 376 2695 0
401 2661 569 2697 extitisse
594 2663 788 2708 probabile
815 2665 882 2701 est.
932 2675 1019 2700 nam
1047 2665 1253 2711 ‘lauatur'‚
1287 2667 1386 2712 quod
1410 2670 1476 2701 FN
1506 2668 1660 2714 habent,

135 2729 244 2754 nemo
274 2731 452 2766 umquam
482 2720 598 2757 Italus
631 2721 671 2757 in
704 2722 923 2759 ‘lauantur'
957 2726 1102 2761 mutare
1134 2725 1299 2761 animum
1334 2725 1497 2770 induxit,
1530 2728 1660 2762 contra

139 2777 355 2814 ‘lauantur’
382 2780 479 2825 (DV)
511 2780 623 2816 facile
656 2781 878 2827 expeditiori
908 2783 966 2818 illi
993 2784 1184 2820 ‘lauatur’
1219 2785 1340 2822 cessit.
1390 2785 1500 2821 huius
1532 2787 1658 2822 autem

139 2836 371 2883 ‘lauantnrn
395 2839 461 2883 qui
485 2840 543 2876 est
566 2851 646 2876 mos
670 2839 874 2887 Propertii,
900 2842 1108 2878 subiectum
1134 2854 1215 2880 csse
1240 2845 1366 2890 potest
1392 2844 1557 2889 ‘turba',
1583 2857 1656 2881 non

136 2896 266 2942 potest
289 2907 370 2933 esse
393 2898 521 2943 puella
545 2899 741 2946 Spartana,
767 2911 863 2946 quae
887 2913 954 2948 per
978 2914 1013 2939 u.
1040 2906 1155 2939 3-12
1182 2904 1221 2939 et
1247 2907 1301 2948 15,
1332 2907 1375 2948 16
1399 2905 1543 2951 regnat.
