1898 3190
212 174 408 212 XXXVIII
797 175 1175 214 PROLEGOMENA.

141 303 144 306 ⁴
218 284 354 327 ricula
386 285 555 328 critica'
593 286 749 327 iterum
781 285 1004 342 recognita
1035 286 1200 328 Bredae
1237 283 1487 342 1807—8*)
1519 288 1563 328 01
1592 285 1743 329 Henr.

213 354 298 397 Wa
310 356 397 398 ard
408 356 646 412 enburgii
678 356 887 411 opuscula
907 355 1120 413 (Harlemi
1144 355 1290 413 1812).
1333 357 1488 411 quibus
1507 356 1577 399 hic
1597 357 1744 400 statim

217 426 399 469 adiciam
433 426 472 470 S.
507 428 640 471 Guil.
679 426 1000 483 Schippersii
1038 428 1083 469 in
1120 426 1339 483 Propertii
1374 427 1531 469 librum
1570 426 1634 470 IV
1671 428 1744 471 ob-

217 499 487 542 seruationes
520 498 692 541 criticas
724 496 994 554 (Groningae
1031 497 1175 554 1818).

334 569 463 613 Anno
493 570 605 612 1816
639 568 758 626 (nam
784 569 1003 612 Kuinoelii
1035 562 1330 624 compilatoris
1362 582 1470 624 opus
1500 569 1743 627 praetereo)

215 639 261 682 in
299 641 437 683 lucem
476 642 596 683 uenit
626 641 958 684 commentarius
997 641 1170 683 criticus
1209 639 1385 683 Caroli
1421 639 1746 684 Lachmanni.

218 711 291 766 qui
324 714 423 754 ante
455 712 602 754 omnia
633 711 761 754 fidem
794 711 988 754 codicum
1021 711 1274 768 exigendam
1305 711 1521 768 flagitans
1550 711 1652 754 licet
1681 726 1745 754 er-

213 783 329 823 raret
359 783 405 824 in
436 781 738 826 constituendo
770 778 1051 824 fundamento
1078 782 1238 835 critico,
1269 783 1434 838 primus
1458 784 1606 825 tamen
1629 783 1745 826 uiam

214 854 513 909 monstrauit,v
542 869 626 909 qua
656 853 827 895 institui
863 855 1011 908 posset
1046 853 1161 895 iusta
1191 854 1382 896 recensio
1412 856 1579 910 poetae.
1623 854 1742 897 cuius

213 926 437 978 praeterea
501 924 792 967 emendationi
848 925 1001 966 eximie
1056 925 1244 982 profuit,
1300 927 1579 981 quamquam‘
1615 925 1745 968 inter-

214 995 314 1037 dum
353 996 549 1038 acumine
588 996 726 1052 magis
767 1011 896 1052 quam
935 996 1092 1039 iudicio
1132 997 1299 1051 pollens
1331 998 1376 1038 et
1412 1011 1590 1039 normae
1631 1011 1746 1040 seue-

219 1067 349 1109 ritate
387 1067 458 1110 1110
495 1067 584 1110 11110
622 1069 773 1110 contra
813 1067 1005 1122 priorum
1043 1067 1336 1110 dubitationes
1367 1066 1580 1110 iniustior.
1634 1067 1747 1110 idem

215 1153 252 1180 a.
277 1138 389 1180 1829
424 1138 656 1181 editionem
689 1138 899 1180 minorem
930 1138 1187 1181 breuissima
1217 1138 1416 1180 lectionis
1449 1138 1659 1182 uarietate
1683 1138 1746 1181 in-

215 1211 426 1252 structam
458 1209 612 1252 emisit.

337 1280 389 1322 In
430 1281 681 1322 transcursu
725 1279 1072 1322 commemoratis
1115 1278 1159 1320 F.
1197 1278 1374 1322 Iacobi
1424 1282 1468 1323 et
1509 1280 1743 1324 Paldami

217 1350 410 1407 (Lipsiae
451 1353 495 1393 01
535 1349 661 1392 Halis
706 1347 839 1406 1827)
885 1349 1149 1392 editionibus
1196 1351 1281 1392 iam
1329 1351 1469 1394 dicam
1515 1351 1567 1394 de
1614 1351 1747 1395 Guil.

213 1421 545 1478 Hertzbergii
577 1435 705 1476 opere
738 1419 882 1478 (Halis
918 1421 1149 1464 1843—45
1180 1423 1385 1477 quattuor
1416 1423 1745 1480 uoluminibus).

216 1494 329 1549 quod
367 1496 545 1548 propter
582 1492 853 1548 diligentiam
893 1508 1125 1549 summam,
1161 1508 1245 1549 qua
1282 1509 1430 1537 omnes
1469 1495 1742 1551 quaestiones

218 1564 270 1606 ad
295 1567 470 1619 poetam
495 1566 695 1606 nostrum
719 1564 984 1619 pertinentes
1019 1567 1119 1606 sunt
1151 1566 1375 1620 tractatae,
1407 1579 1577 1621 semper
1601 1566 1743 1609 locum

218 1635 386 1677 tenebit
415 1636 527 1677 inter
557 1636 693 1678 libros
725 1634 937 1690 Propertii
972 1635 1176 1678 studiosis
1207 1636 1485 1678 necessarios.
1534 1636 1608 1679 sed
1633 1637 1747 1680 idem

218 1721 387 1748 summa
428 1721 523 1749 cum
556 1706 754 1748 cautione
787 1706 1077 1748 adhibendum
1110 1709 1194 1758 est,
1231 1721 1285 1749 ne
1322 1707 1538 1749 tironibus
1574 1708 1747 1763 potissi-

221 1793 339 1819 mum
371 1777 567 1820 fallacias
599 1778 761 1820 faciant
791 1777 1064 1819 incredibilia
1102 1792 1227 1833 saepe
1266 1777 1460 1820 artificia.
1510 1781 1603 1821 erat
1633 1779 1747 1821 enim

218 1848 531 1905 Hertzbergius
575 1849 707 1891 homo
751 1848 915 1904 ingenii
959 1863 1193 1904 sensusque
1231 1848 1389 1904 poetici
1427 1849 1582 1892 sinceri
1619 1850 1747 1904 plane

218 1935 381 1976 expers,
412 1920 458 1961 in
490 1934 616 1975 quem
649 1934 744 1962 cum
775 1919 958 1962 maxime
985 1919 1140 1962 cadant
1166 1934 1216 1961 ea
1247 1934 1354 1974 quae
1387 1918 1437 1961 de
1463 1913 1747 1975 interpretum

218 2005 374 2048 genere
407 1989 614 2044 exemplis
647 1989 800 2031 alienis
834 1991 876 2032 et
915 1989 1066 2045 figuris
1105 1989 1478 2045 schematibusque
1505 1991 1618 2032 male
1643 1991 1765 2034 abu-'

215 2062 325 2104 tenti
376 2076 507 2116 supra
549 2060 648 2102 dixi.
710 2061 809 2103 hinc
852 2061 1175 2116 ingeniosorum
1221 2061 1494 2104 inuentorum
1548 2062 1747 2104 inimicus

218 2133 517 2176 atrocissimus
546 2133 590 2173 et
615 2131 773 2173 criticis
799 2131 1017 2186 primariis
1050 2146 1176 2187 saepe
1208 2131 1386 2174 ridicule
1418 2132 1645 2175 oblocutus
1671 2131 1742 2188 (cf.

215 2220 277 2247 ex.
315 2219 377 2261 gr.
416 2217 525 2259 quae
565 2202 615 2244 de
655 2201 836 2244 Heinsio
876 2201 897 2243 Ι
936 2218 976 2257 p.
1007 2202 1093 2245 253
1131 2202 1382 2258 blaterauit)
1413 2202 1572 2245 iustam
1610 2203 1746 2246 homi·

215 2277 343 2319 nibus
375 2273 656 2331 prudentibus
690 2273 962 2328 cordatisque
992 2288 1197 2315 nauseam
1237 2288 1405 2329 semper
1435 2273 1574 2316 mouit
1603 2288 1746 2317 moue-

216 2347 377 2402 bitque.

335 2417 428 2459 Iam
460 2418 631 2472 praeter
656 2415 915 2458 recentiores
950 2415 1160 2458 editiones
1188 2416 1329 2458 solum
1355 2417 1521 2458 textum
1546 2416 1745 2459 exhiben-

215 2492 280 2532 tes
313 2488 514 2544 (Keilii,
551 2486 788 2542 Hauptii,
825 2485 871 2529 L.
904 2485 1170 2540 Muelleri)
1203 2486 1528 2529 dissertationes
1561 2487 1614 2530 ad
1644 2486 1746 2530 Pro-

310 2629 342 2674 *)
373 2627 552 2664 Hoeufftii
577 2627 746 2663 libellum
766 2627 943 2663 rariorem
964 2639 1081 2672 nuper
1100 2628 1249 2662 demum
1268 2628 1427 2663 nanctus
1445 2628 1531 2662 utar
1551 2626 1744 2663 occasione

218 2690 261 2723 ut
285 2687 367 2723 uiro
393 2687 450 2722 illi
477 2687 588 2722 docto
615 2687 706 2722 duas
733 2686 964 2723 coniecturas
984 2686 1218 2722 Tibullianas
1244 2688 1274 2731 (I
1295 2691 1328 2731 ’1,
1349 2690 1390 2722 61
1415 2686 1542 2731 ‘quam
1567 2686 1742 2732 poenam'

216 2750 256 2784 et
281 2749 297 2782 Ι
322 2751 356 2791 8,
382 2751 427 2782 45
457 2747 544 2782 ‘sed
569 2746 727 2791 frons')‚
756 2758 846 2792 quas
871 2747 1014 2793 primus
1039 2747 1203 2792 proferre
1229 2746 1322 2781 mihi
1347 2745 1512 2789 uidebar,
1538 2745 1744 2781 restituam.

222 2806 360 2843 accidit
383 2806 484 2841 idem
509 2804 603 2840 mihi
626 2803 665 2840 in
692 2805 884 2851 Suringari
910 2806 1170 2841 emendatione
1197 2805 1244 2841 ad
1263 2806 1371 2850 Prop.
1391 2805 1408 2839 I
1427 2808 1461 2848 2,
1481 2807 1514 2848 9,
1539 2805 1582 2839 111
1598 2805 1746 2840 taceam

217 2867 264 2902 de
297 2865 498 2911 incognitis
530 2865 652 2900 adhuc
684 2864 781 2900 curis
806 2864 1012 2911 Fonteinii,
1038 2864 1102 2910 qui
1126 2866 1169 2900 ut
1199 2864 1357 2900 aliorum
1382 2862 1437 2898 ita
1462 2873 1546 2897 mea
1568 2863 1748 2899 nonnulla

215 2925 370 2961 inuenta
394 2923 595 2970 praecepit.
