1898 3190
242 162 311 198 XX
819 163 1199 200 PROLEGOMENA.

242 271 414 325 plenam
447 273 490 313 et
513 270 849 326 Hippodamiam
882 272 1042 314 amoris
1073 274 1195 314 aestu
1226 271 1481 328 flagrantem
1512 287 1769 328 componere

242 356 339 383 cum
375 340 581 397 Cynthia,
620 342 919 398 dignissimum
955 342 1195 398 Propertio.
1256 345 1446 386 ceterum
1483 342 1660 386 ‘sacris'
1691 358 1770 398 pro

244 411 393 454 ‘satis'
432 416 605 456 auctore
642 413 887 456 Passeratio
927 413 1042 469 dedi,
1086 429 1346 469 quamquam
1384 414 1468 456 alia
1500 429 1589 457 non
1628 414 1771 456 minus

244 484 289 525 in
320 498 410 525 rem
443 487 546 539 apta
577 486 644 539 (ut
676 484 846 540 ‘tutis')
888 485 1123 542 excogitari
1153 487 1350 541 possunt.
1392 487 1436 527 et
1465 485 1571 528 haec
1603 485 1772 541 quidem

241 554 466 598 hactenus.

361 626 618 670 Uberiorem
655 627 994 683 disputationem
1032 628 1076 670 in
1114 628 1196 670 hoc
1233 629 1361 683 poeta
1397 627 1600 684 flagitant
1642 627 1772 670 inter-

244 698 499 752 polationes.
556 712 664 753 quae
697 713 781 753 quo
820 700 1012 753 tempore
1051 696 1250 755 (antiquo
1289 697 1483 741 medione
1515 697 1640 756 aeuo)
1676 714 1773 754 pro-

242 768 442 810 uenerint
473 769 672 824 exputari
702 770 868 825 nequit3
907 784 986 811 nec
1023 769 1156 812 refert
1193 769 1318 825 scire,
1355 770 1482 813 modo
1521 770 1669 812 adesse
1701 784 1772 812 eas

243 839 502 895 optineatur.
529 840 688 883 cursim
707 842 887 896 tangam
907 840 1098 883 minutas
1119 841 1216 882 illas
1237 840 1477 883 scribarum
1493 842 1774 896 correcturas,

243 912 390 966 quales
422 912 467 953 in
499 912 699 954 omnibus
730 911 820 953 fere
852 912 1069 954 codicibus
1101 912 1243 955 locum
1274 911 1510 954 habebant:
1542 910 1604 953 sic
1635 910 1678 952 II
1707 911 1774 963 13,

242 982 319 1037 47,
356 983 432 1024 ubi
463 983 509 1024 in
546 983 690 1025 uerbis
723 982 828 1032 ‘Qui
869 985 980 1025 stan—1
1019 981 1199 1038 longae'
1230 982 1514 1038 deprauatum
1551 984 1618 1024 est
1649 981 1785 1032 ‘Quis‘

241 1052 368 1108 tam',
400 1054 643 1096 necessario
674 1068 752 1108 pro
785 1052 971 1109 ‘longae’
1007 1056 1291 1109 reposuerunt
1321 1052 1609 1110 ‘longaeuae'3
1640 1053 1700 1095 sic
1731 1053 1775 1095 II

243 1124 312 1179 26,
344 1125 400 1167 28
432 1138 536 1166 uoce
569 1123 753 1166 ‘durare'
784 1124 831 1166 in
863 1123 1006 1166 ‘dare'
1039 1127 1241 1179 corrupta
1277 1125 1459 1168 alterum
1491 1122 1671 1167 ‘multa'
1704 1123 1775 1166 ad-

244 1194 405 1250 didere3
445 1196 506 1237 sic
538 1194 603 1237 ΙΠ
635 1195 680 1250 5,
715 1196 769 1237 14
807 1195 875 1237 ‘at
911 1195 1082 1238 inferna
1111 1195 1239 1251 rate',
1279 1210 1376 1238 cum
1413 1195 1545 1238 semel
1577 1193 1674 1238 ‘ad'
1707 1209 1775 1237 ex-

244 1265 415 1309 aratum
447 1269 572 1322 esset,
602 1266 684 1309 hoc
715 1267 810 1311 lene
841 1267 997 1309 uitium
1027 1267 1162 1309 traxit
1181 1269 1322 1310 cetera
1352 1267 1506 1322 uerba3
1537 1267 1598 1309 sic
1615 1266 1680 1309 111
1711 1266 1776 1321 13,

244 1337 270 1379 9
302 1352 381 1392 pro
414 1337 553 1379 ‘arma
583 1337 778 1380 maritas'
811 1353 907 1381 cum
941 1338 1147 1393 scriptum
1179 1340 1294 1380 esset
1324 1337 1460 1380 ‘arma
1483 1338 1620 1395 ritas',
1649 1352 1775 1380 uoca-

245 1408 337 1450 buli
362 1409 653 1465 fragmentum
678 1408 724 1450 in
750 1407 959 1463 ‘pudicas'
986 1408 1238 1451 refecerunt.
1276 1408 1468 1450 minutae
1492 1407 1620 1450 huius
1646 1409 1775 1450 inter-

244 1479 482 1534 polationis
514 1483 562 1522 ut
593 1480 638 1522 in
663 1480 816 1535 quouis
850 1480 1072 1535 scriptore,
1103 1480 1166 1522 ita
1196 1479 1242 1521 in
1265 1478 1481 1534 Propertii
1512 1479 1776 1522 carminibus

245 1551 382 1593 multa
421 1554 570 1593 extant
607 1551 822 1606 exempla3
866 1551 1041 1607 grauior
1078 1551 1172 1606 illa,
1210 1550 1248 1592 si
1284 1549 1447 1592 formae
1484 1550 1669 1592 rariores
1706 1549 1776 1592 de-

244 1622 396 1676 pulsae
427 1623 698 1678 uulgaribus,
740 1622 776 1664 si
807 1622 987 1664 lacunae
1019 1625 1181 1664 temere
1212 1621 1427 1677 expletae,
1458 1620 1495 1662 si
1525 1621 1660 1663 uerba
1690 1623 1775 1663 tra-

244 1692 336 1734 dita
366 1708 392 1735 a
423 1694 566 1736 scriba
597 1708 749 1748 parum
788 1693 1074 1749 perspiciente
1107 1707 1157 1735 ex
1197 1692 1389 1735 lubidine
1419 1691 1636 1734 inmutata
1667 1694 1778 1735 sunt.

245 1766 289 1806 et
325 1764 453 1806 huius
494 1764 667 1820 quidem
711 1764 880 1819 generis
923 1763 1276 1806 inlustrissimum
1314 1763 1556 1816 exemplum
1593 1762 1778 1806 habetur

249 1833 316 1875 III
345 1835 382 1889 1,
402 1835 472 1886 27,
504 1835 576 1890 qui
608 1835 729 1876 locus
761 1833 877 1876 felici
904 1833 955 1876 G.
973 1833 1142 1877 Wolffii
1174 1834 1367 1876 acumine
1398 1833 1462 1875 ita
1486 1835 1665 1875 sanatus
1691 1837 1776 1876 est:

421 1905 597 1948 Idaeum
631 1904 855 1948 Simoenta
885 1903 1002 1947 Iouis
1041 1919 1137 1948 cum
1174 1905 1294 1960 prole
1326 1902 1600 1959 Scamandro,

246 1977 321 2019 ubi
365 1977 467 2019 Idae
517 1976 678 2019 mentio
722 1976 948 2019 librarium
999 1976 1110 2018 male
1155 1976 1328 2019 doctum
1368 1974 1538 2017 induxit
1585 1977 1633 2018 ut
1675 1990 1776 2019 suae

248 2047 483 2101 sapientiae
523 2047 826 2106 documentum
868 2046 1043 2089 foedum
1085 2049 1348 2103 propagaret
1384 2046 1522 2089 ‘Iouis
1565 2045 1778 2089 cunabula

246 2117 396 2173 parui'.
418 2143 473 2149 -
506 2118 551 2159 in
577 2118 816 2160 clarissima
844 2120 987 2160 autem
1022 2117 1116 2159 luce
1141 2117 1522 2172 interpolationem
1546 2117 1633 2159 late
1659 2131 1778 2173 gras-

247 2191 386 2231 satam
417 2191 586 2244 ponunt
617 2189 997 2245 grammaticorum
1029 2190 1224 2231 ueterum
1254 2187 1516 2230 testimonia.
1565 2202 1591 2230 a
1622 2188 1777 2244 quibus

247 2260 348 2302 licet
385 2260 528 2315 pauci,
572 2260 686 2316 quod
727 2260 819 2302 iure
852 2259 1016 2315 doleas,
1058 2258 1271 2314 Propertii
1307 2272 1456 2300 uersus
1500 2258 1637 2300 adlati
1679 2259 1778 2314 sint,

248 2333 396 2373 tamen
427 2331 497 2372 uel
530 2345 580 2372 ex
612 2331 680 2373 his
711 2331 861 2386 paucis
882 2344 1011 2385 quam
1042 2330 1154 2372 male
1183 2329 1240 2371 sit
1257 2328 1432 2371 habitus
1463 2330 1606 2371 textus
1630 2331 1779 2371 noster

247 2401 527 2443 manifestum
553 2401 614 2443 fit.
659 2401 702 2443 II
729 2402 798 2456 33,
819 2401 873 2443 37
902 2401 1131 2443 lectionem
1165 2400 1391 2442 ‘demissae
1411 2424 1466 2430 --
1488 2398 1643 2442 sertae’
1669 2398 1778 2442 Cha-

246 2473 387 2525 risius,
418 2472 484 2514 III
511 2473 550 2524 8,
571 2473 625 2514 37
661 2471 850 2514 ‘nexisti'
880 2472 1127 2514 Priscianus
1153 2473 1215 2513 ita
1233 2473 1450 2514 testantur
1473 2473 1522 2513 ut
1545 2470 1598 2513 de
1621 2470 1777 2512 horum

253 2543 469 2586 erroribus
514 2543 698 2600 cogitari
741 2545 946 2599 nequeat:
993 2543 1191 2598 uulgaria
1229 2542 1436 2584 ‘demissa
1469 2565 1518 2572 -—
1556 2540 1692 2583 serta'
1735 2543 1779 2583 et

248 2612 475 2656 ‘tendisti’
508 2621 544 2657 Ο
577 2614 751 2657 exhibet
765 2613 820 2671 ²¹²).
876 2613 950 2655 sed
981 2616 1029 2655 ut
1066 2613 1114 2655 in
1149 2613 1218 2655 his
1256 2613 1472 2668 uersibus,
1509 2612 1545 2654 si
1582 2612 1778 2655 deessent

351 2789 385 2834 ¹⁸⁸)
410 2789 523 2825 miror
548 2789 780 2835 Maduigium
808 2789 977 2835 [Aduers.
1004 2788 1090 2825 Crit.
1118 2789 1152 2824 II
1177 2801 1211 2834 p.
1235 2788 1295 2835 65]
1321 2787 1360 2823 in
1385 2787 1506 2822 forma
1533 2786 1684 2823 ‘sertae’
1711 2786 1777 2823 ali-

251 2849 343 2894 quid
378 2847 636 2884 reconditioris
669 2847 874 2893 sapientiae
906 2847 1062 2883 odorari.
1107 2857 1130 2882 a
1161 2846 1414 2893 compluribus
1445 2845 1610 2892 optimae
1640 2845 1776 2882 aetatis

238 2905 496 2958 *scriptoribus
523 2917 606 2941 eam
632 2905 809 2941 usitatam
835 2906 948 2941 fuisse
973 2906 1110 2941 docent
1133 2903 1368 2951 grammatici
1393 2906 1548 2941 ueteres.
1593 2904 1665 2940 suit
1682 2905 1775 2941 haec
