1898 3190
630 191 893 228 PROPERTII
915 191 1008 229 LIB.
1031 190 1080 228 II.
1103 194 1138 228 8.
1162 194 1197 227 9.
1514 233 1520 235 s
1624 186 1680 229 51

278 301 463 346 Viderat
490 301 567 344 ille
598 301 703 357 fuga
732 303 893 344 stratos
923 301 970 342 in
1000 300 1130 343 litore
1158 298 1370 354 Achiam,

332 372 515 416 Feruere
546 375 591 414 et
619 373 834 416 Hectorea
861 371 1024 414 Dorica
1053 373 1197 413 castra
1226 370 1340 425 face,

273 444 457 487 Viderat
485 444 715 486 informem
746 443 885 486 multa
914 443 1147 485 Patroclon
1179 456 1313 484 arena

332 513 586 558 Porrectum
616 517 661 557 et
691 528 867 570 sparsas
898 513 1027 556 caede
1057 513 1195 555 iacere
1226 525 1391 561 comaS,

217 596 264 628 35
276 585 434 628 Omnia
462 585 699 627 formosam
729 587 908 640 propter
939 583 1137 626 Briseida
1164 597 1339 638 passus:

333 655 498 698 Tantus
529 657 575 698 in
605 658 753 711 erepto
788 655 927 697 saeuit
956 669 1103 698 amore
1134 653 1269 696 dolor.

276 725 338 768 At
364 729 598 782 postqum
627 741 752 769 sacra
782 726 956 781 captiua
986 727 1054 767 est
1082 724 1253 767 reddita
1281 738 1439 779 poena,

336 795 510 840 Fortem
540 798 613 839 ille
643 797 895 839 Haemoniis
926 796 1115 839 Hectora
1144 796 1279 839 traxit
1309 796 1441 851 equis.

276 867 463 910 Inferior
491 869 629 910 multo
660 883 757 910 cum
789 868 872 910 sim
902 868 971 909 uel
1002 869 1140 910 matre
1170 868 1240 909 uel
1270 867 1421 920 armis,

216 949 264 981 40
334 937 511 993 Mirum,
542 940 580 981 si
611 939 663 980 de
692 931 775 981 me⁴
791 939 884 981 iure
914 938 1156 994 triumphat
1186 938 1351 980 Amor?

879 1214 962 1261 IX.

276 1316 366 1360 Iste
395 1318 509 1374 quod
540 1321 624 1370 est,
655 1331 736 1374 ego
769 1332 897 1373 saepe
926 1318 1010 1360 fui:
1042 1318 1117 1360 sed
1146 1317 1237 1360 fors
1268 1319 1313 1359 et
1342 1317 1387 1358 in
1417 1316 1528 1358 hora

335 1388 433 1431 Hoc
461 1389 558 1443 ipso
590 1389 726 1432 eiecto
757 1390 896 1432 carior
926 1389 1039 1431 alter
1070 1389 1164 1432 erit.

277 1459 492 1515 Penelope
521 1461 693 1515 poterat
722 1460 790 1502 bis
821 1460 952 1502 denos
984 1460 1107 1502 salua
1138 1474 1215 1514 per
1247 1473 1383 1501 annos

335 1530 511 1583 viuere,
541 1533 633 1573 tam
663 1531 812 1574 multis
843 1531 1004 1574 femina
1035 1531 1166 1587 digna
1195 1530 1358 1585 procis:

249 1600 544 1658 booniugium
573 1602 686 1644 falsa
716 1605 889 1657 poterat
919 1602 1087 1644 differre
1119 1601 1333 1656 Minerua,

335 1672 560 1715 Nocturno
591 1674 764 1716 soluens
795 1676 917 1716 texta
947 1673 1101 1714 diurna
1131 1672 1248 1725 dolo;

278 1742 437 1786 Visura
467 1747 511 1785 et
542 1744 739 1800 quamuis
770 1758 1004 1799 numquam
1036 1746 1230 1798 speraret
1259 1742 1450 1794 Ulixem,

335 1813 465 1856 Illum
496 1815 760 1870 expectando
791 1815 907 1857 facta
935 1815 1145 1857 remansit
1176 1829 1295 1856 anus,

277 1883 322 1927 N
323 1899 371 1926 ec
399 1899 487 1927 non
518 1886 756 1928 exanimem
787 1887 1048 1941 amplectens
1079 1885 1242 1927 Briseis
1274 1885 1488 1927 Achillem

222 1967 267 1999 ιο
339 1954 533 1999 Candida
562 1972 726 1999 uesana
755 1958 955 2000 uerberat
986 1972 1063 1999 ora
1092 1972 1243 2007 manu,
1356 1966 1364 1969 ’

278 2026 340 2069 Et
367 2028 590 2071 dominum
620 2029 731 2071 lauit
760 2043 954 2070 maerens
986 2029 1161 2083 captiua
1191 2030 1432 2082 cruentum,

257 2203 348 2239 Vn.
373 2216 471 2239 nnc-r.
532 2207 576 2238 31
614 2204 705 2249 fuga
735 2205 873 2239 stratos
906 2204 1155 2240 Passeratius:
1191 2204 1298 2250 fugas
1327 2204 1469 2240 tractos
1495 2208 1538 2248 ⁰3
1575 2205 1688 2240 uaria

163 2263 342 2298 conicum
363 2262 548 2308 (Phrygas
573 2264 608 2306 ς)
638 2264 652 2307 Ι
682 2267 729 2298 34
753 2264 878 2298 malim
902 2264 1014 2299 caede
1038 2263 1189 2299 madere
1218 2265 1232 2308 Ι
1261 2267 1307 2298 36
1332 2263 1477 2298 scaeuit
1499 2267 1528 2296 Β
1547 2265 1576 2296 V
1604 2264 1619 2307 Ι
1641 2267 1685 2298 37

152 2313 389 2356 ἐωηΒἾε
412 2332 480 2356 om.
499 2325 558 2365 12,
581 2323 647 2366 qui
671 2332 754 2357 sera
776 2322 820 2357 in
842 2333 911 2367 my.
936 2334 982 2359 m.
1007 2326 1034 2359 2
1059 2323 1164 2367 add„
1190 2325 1320 2357 seraV
1343 2333 1412 2367 my.
1437 2333 1484 2356 m.
1510 2325 1536 2357 2
1561 2323 1687 2366 11138

164 2379 276 2415 porea
300 2384 331 2414 1>
363 2381 370 2424 1
402 2380 468 2416 ille
491 2380 695 2416 Kootenius
719 2382 768 2416 ad
791 2381 900 2418 Hom.
925 2381 1011 2417 Lat.
1030 2394 1071 2427 p.
1099 2386 1163 2429 153
1186 2381 1295 2416 illum
1320 2384 1345 2415 0
1370 2381 1470 2416 idem
1494 2381 1539 2416 L.
1568 2381 1686 2415 Muel-

162 2439 261 2474 lerus
295 2438 515 2485 lhemom‘is
538 2443 616 2474 ΡΠ
641 2439 798 2476 emoniis
821 2443 899 2474 DV
925 2442 939 2486 Ι
968 2444 1014 2476 39
1038 2442 1159 2476 matre
1185 2451 1224 2478 ςε
1249 2442 1368 2475 marte
1393 2442 1519 2474 ERV
1542 2440 1581 2474 in
1606 2442 1688 2475 arte

162 2502 193 2532 11
213 2499 221 2543 Ι
241 2501 288 2534 40
311 2497 407 2544 iure]
434 2498 543 2534 Tulle
568 2500 661 2534 coni.
694 2499 993 2545 Wyttenbachiue
1010 2511 1133 2546 praue

258 2569 320 2605 lx.
368 2570 482 2604 Noua
506 2570 619 2615 eleqia
643 2581 723 2606 cum
746 2571 854 2606 tilulo
878 2571 926 2606 ad
951 2571 1111 2607 amicam
1130 2571 1177 2606 de
1195 2570 1307 2606 riuali
1326 2571 1368 2606 in
1388 2573 1413 2604 0
1431 2572 1445 2615 Ι
1465 2575 1482 2605 1
1509 2569 1618 2605 forsit
1635 2580 1658 2607 ς
1675 2572 1688 2615 ll

164 2629 188 2661 2
211 2626 333 2662 eiecto
355 2631 385 2661 11
410 2630 458 2672 (d
474 2630 505 2661 V
528 2639 598 2674 my.
622 2639 669 2663 m.
688 2630 746 2675 2):
771 2629 891 2665 electo
915 2633 944 2664 P
960 2633 994 2664 1
1011 2633 1042 2664 V
1059 2631 1073 2675 Ι
1091 2634 1113 2666 3
1138 2629 1330 2675 Penolope
1347 2633 1375 2663 l·
1397 2632 1404 2674 Ι
1425 2629 1507 2665 sola
1526 2629 1688 2664 Latinus

166 2684 346 2721 Latinius
370 2689 473 2722 casta
497 2687 661 2732 Guyetus
690 2688 703 2731 Ι
738 2691 761 2722 4
785 2687 939 2733 femina]
965 2688 1075 2724 unica
1101 2689 1353 2738 Markland&
1373 2690 1379 2731 1
1407 2689 1537 2734 digna]
1564 2689 1688 2724 cincta

169 2743 363 2791 (ἔψαυε.
380 2749 402 2780 6
427 2745 635 2792 nocturno]
661 2757 684 2781 ο
708 2746 791 2791 ult„
814 2748 935 2794 texta]
961 2761 986 2783 x
1009 2760 1054 2784 ex
1078 2759 1169 2784 oon.
1199 2752 1227 2782 r
1244 2750 1258 2793 Ι
1276 2752 1296 2783 'l
1328 2747 1468 2783 ulixem
1494 2751 1536 2782 0:
1563 2748 1687 2782 ulixen

165 2805 198 2837 Ι
225 2804 241 2849 Ι
269 2805 293 2837 8
316 2803 378 2839 mi
401 2804 493 2841 coni.
518 2804 781 2840 Lachmannus
809 2807 816 2847 l
844 2805 965 2854 facta]
989 2809 1120 2843 sancta
1144 2807 1325 2843 Gruterus
1349 2810 1453 2842 casta
1485 2807 1686 2842 Waarden-

165 2862 317 2908 Immitto
338 2864 353 2908 Ι
375 2867 397 2898 9
422 2863 558 2899 achille
583 2868 611 2898 r
631 2867 679 2906 Ἡ,
704 2865 803 2900 unde
826 2865 998 2901 Achillen
1021 2868 1194 2903 nonnulli
1217 2868 1296 2902 sine
1320 2877 1433 2902 eausa
1457 2868 1470 2910 fl
1496 2870 1535 2899 11
1565 2866 1688 2900 uirens

166 2923 250 2968 (my.
274 2934 320 2959 m.
345 2925 372 2958 2
396 2925 554 2967 merens)
578 2927 606 2957 r

1355 2984 1405 3019 4*
