1898 3190
228 153 314 194 174
716 154 976 190 PROPERTII
1001 155 1091 190 LIB.
1117 155 1180 192 IV.
1207 159 1239 191 5.

344 261 426 311 Qui
457 276 627 316 uersus,
659 261 772 304 Coae
804 263 967 304 dederit
997 277 1075 305 nec
1106 279 1285 306 munera
1315 266 1468 321 uestiS,

403 333 535 374 Istius
567 333 650 374 tibi
682 334 740 375 sit
771 333 898 389 surda
929 334 1021 375 sine
1054 337 1144 376 arte
1175 335 1280 390 lyra.

344 404 457 446 Dum
489 406 646 446 uernat
677 390 874 461 sanguis,
905 405 1005 447 dum
1036 406 1155 461 rugis
1188 406 1358 462 integer
1389 422 1545 464 annus,

285 486 329 517 60
402 474 553 530 Utere,
584 490 638 517 ne
670 476 771 531 quid
804 491 897 518 cras
930 476 1038 518 libet
1069 476 1123 518 ab
1156 491 1229 518 ore
1261 476 1362 519 dies.

341 546 443 588 Vidi
475 560 554 602 ego
588 547 759 590 odorati
790 548 960 590 uictura
989 548 1168 591 rosaria,
1191 547 1331 590 Paesti

402 616 490 659 Sub
522 618 737 661 matutino
771 620 893 661 cocta
924 619 1064 661 iacere
1095 617 1241 661 Noto?

282 700 325 730 63
341 688 422 730 His
456 689 646 731 animum
677 692 851 732 nostrae
884 689 985 732 dum
1015 691 1162 731 uersat
1192 689 1403 732 Acanthis
1436 690 1616 747 amicae,

283 771 327 802 70
400 759 582 802 Horruit
614 761 778 816 algenti
808 761 990 816 pergula
1021 763 1142 803 curta
1171 761 1281 804 foco.

282 842 325 873 65
342 830 423 873 Sed
455 846 559 887 cape
591 835 836 888 torquatae‚
867 831 1014 874 Venus
1046 847 1071 874 o
1103 833 1269 888 regina,
1301 833 1526 875 columbae

402 902 468 946 Ob
501 903 702 945 meritum
734 905 835 945 ante
865 905 963 946 tuos
995 905 1173 959 guttura
1205 906 1323 946 secta
1353 904 1484 947 focos.

343 974 446 1017 Vidi
478 988 558 1030 ego
591 989 750 1031 rugoso
781 975 937 1017 tussim
971 989 1245 1018 concrescere
1277 976 1407 1031 collo,

401 1044 619 1101 Sputaque
649 1060 726 1101 per
757 1046 906 1088 dentes
937 1046 1000 1088 ire
1031 1049 1210 1089 cruenta
1242 1062 1390 1103 cauos,

281 1127 324 1159 69
339 1115 481 1172 Atque
514 1117 702 1159 animam
734 1117 779 1158 in
810 1119 974 1173 tegetes
1006 1120 1176 1173 putrem
1208 1118 1402 1173 expirare
1433 1120 1654 1174 paternas,

277 1199 322 1230 64
401 1187 595 1243 Ossaque
626 1203 703 1242 per
733 1190 884 1230 tenues
918 1191 1020 1231 sunt
1050 1191 1275 1231 numerata
1306 1191 1436 1232 cutes.

281 1270 322 1301 71
340 1258 558 1315 Exequiae
590 1260 764 1302 fuerunt
794 1260 882 1301 rari
913 1259 1076 1302 furtiua
1107 1260 1251 1315 capilli

399 1331 585 1373 Vincula
617 1334 660 1373 et
690 1332 897 1374 inmundo
929 1331 1093 1387 pallida
1123 1332 1253 1374 mitra
1284 1333 1389 1388 situ,

339 1402 399 1444 Et
430 1403 548 1445 canis
581 1403 627 1444 in
657 1405 831 1446 nostros
863 1403 993 1445 nimis
1026 1406 1273 1458 experrecta
1303 1404 1492 1459 dolores,

398 1472 506 1516 Cum
537 1474 726 1517 fallenda
756 1490 851 1517 meo
883 1475 1039 1530 pollice
1071 1475 1205 1517 clatra
1235 1475 1392 1518 forent.

280 1555 324 1587 75
340 1544 406 1587 Sit-
436 1546 627 1588 tumulus
658 1547 782 1588 lenae
814 1550 936 1589 curto
968 1549 1092 1589 uetus
1125 1546 1335 1601 amphora
1366 1546 1495 1589 collo:

397 1616 564 1673 Urgeat
594 1617 707 1660 hunc
738 1632 868 1672 supra
899 1618 988 1673 uis,
1020 1618 1236 1674 caprifice‚
1265 1619 1356 1660 tua.

338 1687 540 1743 Quisquis
573 1704 711 1744 amas,
744 1689 906 1731 scabris
938 1689 1021 1731 hoc
1051 1689 1227 1731 bustum
1259 1689 1422 1731 caedite
1453 1688 1588 1742 saxis,

396 1759 617 1815 Mixtaque
650 1775 745 1802 cum
779 1760 894 1803 saxis
926 1760 1070 1802 addite
1100 1760 1235 1802 uerba
1265 1760 1393 1802 mala.

315 2007 405 2044 VAR.
432 2019 530 2043 ηοω.
582 2011 626 2043 57
642 2006 761 2050 Qui}
774 2008 894 2053 (erasa
907 2007 944 2052 d)
959 2010 989 2041 V
1008 2006 1079 2050 Qui
1091 2010 1123 2041 H
1131 2022 1139 2042 :
1156 2005 1254 2050 Quid
1265 2010 1329 2040 Dr
1342 2006 1354 2052 Η
1367 2009 1412 2041 58
1432 2005 1542 2042 Istius
1562 2015 1601 2043 ςε
1620 2004 1742 2051 Ipsius

219 2069 243 2100 0
266 2067 271 2112 Ι
295 2068 374 2102 arte
401 2069 442 2101 0:
469 2077 554 2102 aere
579 2069 609 2100 V
633 2078 702 2112 my.
728 2078 774 2102 m.
799 2070 838 2111 2,
863 2070 895 2100 N
913 2068 925 2111 ΙΙ
945 2070 988 2102 59
1014 2065 1093 2109 Du,
1117 2069 1143 2101 ᾗ
1167 2077 1211 2101 ex
1235 2077 1327 2101 corr.
1352 2066 1411 2111 ῈΙΙ
1436 2069 1482 2101 60
1505 2076 1574 2100 nec
1598 2064 1690 2110 quid
1713 2068 1744 2099 V

215 2137 260 2161 m.
287 2129 312 2162 2
343 2127 356 2171 ΙΙ
388 2130 430 2161 61
458 2126 654 2161 odoratum
678 2138 714 2162 u.
740 2138 768 2162 r.
795 2125 970 2161 Paestum
995 2124 1248 2170 Schippersius
1273 2125 1350 2160 coll.
1378 2124 1497 2160 Mart.
1523 2124 1593 2160 XII
1618 2128 1675 2169 31,
1701 2128 1741 2168 33

214 2187 310 2231 quod
331 2187 451 2231 placet
472 2187 476 2230 1
499 2185 597 2231 pesti
623 2188 666 2230 0,
692 2195 783 2221 corr.
809 2188 839 2218 V
863 2196 908 2220 m.
935 2189 961 2221 2
998 2185 1011 2229 ss
1053 2188 1097 2220 62
1125 2185 1259 2219 cuncta
1291 2184 1492 2220 Wakkerus
1516 2183 1648 2219 stricta
1671 2183 1743 2219 El-

216 2246 339 2280 dikius
376 2247 388 2291 ΙΙ
426 2249 469 2280 63
503 2237 668 2279 animum
695 2254 734 2282 ςι
761 2243 894 2279 animis
920 2247 945 2278 0
971 2243 1116 2278 animus
1141 2246 1172 2277 V
1195 2254 1378 2288 suprascr.
1403 2254 1450 2278 m,
1475 2246 1516 2288 1,
1541 2245 1575 2276 R
1598 2241 1742 2278 animos

215 2307 245 2337 V
270 2316 316 2340 m.
335 2308 361 2340 2
384 2306 389 2349 Ι
411 2304 581 2340 acanthis
606 2306 636 2337 V
660 2315 706 2339 m.
732 2307 778 2339 2:
805 2302 947 2338 acautis
973 2305 1000 2335 Ε
1026 2301 1196 2337 achantis
1221 2302 1327 2337 ceteri
1344 2302 1357 2346 ΙΙ
1377 2305 1422 2336 64
1446 2304 1479 2337 et
1499 2305 1543 2337 70
1567 2302 1632 2347 qui
1655 2305 1743 2337 sunt

214 2364 256 2398 in
282 2366 306 2397 0
333 2364 448 2399 locum
473 2364 568 2398 inter
591 2374 627 2398 se
650 2365 791 2398 mutare
814 2362 922 2397 iussit
945 2361 1224 2396 Luetiohannus
1247 2362 1260 2405 ΙΙ
1286 2353 1538 2396 70'Horr1‘1tr
1560 2359 1565 2407 Ι
1586 2360 1742 2406 pergula

213 2422 393 2467 Scaliyer:
418 2422 571 2467 percula
594 2426 623 2455 D
642 2425 674 2455 N
692 2424 722 2454 V
747 2420 905 2466 paruula
922 2424 949 2454 Ε
969 2421 1015 2466 (et
1033 2425 1061 2454 D
1081 2431 1149 2465 my.
1166 2431 1237 2465 pro
1255 2431 1337 2455 uar.
1357 2419 1449 2464 leet.)
1467 2419 1604 2464 pocula
1621 2422 1652 2453 V
1669 2429 1740 2464 my.

213 2493 258 2517 m.
285 2486 311 2518 2
335 2484 339 2526 i
362 2484 466 2517 curta
491 2491 529 2518 <32
556 2492 670 2516 curua
695 2483 719 2514 0
756 2482 769 2525 ΙΙ
806 2484 850 2515 66
875 2481 1033 2525 guctura
1056 2483 1084 2513 Ε·
1119 2481 1132 2525 ΙΙ
1169 2483 1213 2515 67
1240 2478 1338 2514 Vudi
1361 2481 1393 2512 R
1414 2478 1419 2523 Ι
1445 2481 1539 2523 puto
1562 2489 1739 2524 rugosum

213 2540 309 2576 tussi
335 2552 366 2577 c.
393 2541 529 2576 collum
548 2542 560 2586 ΙΙ
580 2544 623 2577 68
651 2551 762 2576 canos
787 2544 814 2573 F
832 2541 845 2585 u
865 2543 908 2575 69
934 2538 1100 2584 patrinae
1124 2543 1152 2573 1)
1171 2542 1201 2572 V
1219 2539 1232 2584 ΙΙ
1261 2542 1306 2573 64
1332 2537 1495 2582 Ossaque
1519 2548 1587 2583 per
1609 2538 1740 2573 tenues

214 2600 507 2636 Luetiohannus:
546 2599 617 2635 Per
647 2601 776 2635 tenues
809 2610 892 2634 ossa
917 2601 942 2632 0
968 2598 1039 2632 Per
1062 2600 1212 2633 tenuem
1239 2608 1323 2632 ossa
1346 2595 1440 2631 mihi
1458 2617 1504 2622 -
1524 2597 1647 2632 cutem
1670 2596 1738 2632 Ja-

213 2660 321 2695 cobus
353 2658 447 2694 Ossa
482 2658 581 2693 inter
616 2659 747 2693 tenues
779 2658 824 2693 L.
857 2657 1073 2701 Muellerus;
1110 2659 1223 2691 totum
1256 2666 1402 2691 uersum
1425 2655 1525 2691 eiecit
1548 2655 1738 2700 Muretus3

214 2722 298 2755 ante
328 2730 408 2754 eum
431 2718 575 2763 aliquid
609 2718 849 2762 interlapsum
877 2719 986 2761 putat
1009 2715 1251 2751 Burmannus
1285 2714 1299 2759 11
1336 2718 1379 2749 71
1403 2713 1553 2750 fuerant
1577 2717 1620 2760 0,
1645 2725 1736 2750 corr.

217 2776 529 2824 Passeratius-[172
554 2776 671 2822 pallia
695 2780 727 2810 N
744 2776 749 2823 1
765 2775 895 2812 mittra
918 2779 946 2809 F
964 2777 977 2821 ΙΙ
997 2779 1040 2810 73
1066 2774 1176 2810 minis
1199 2777 1227 2807 F
1249 2775 1255 2818 1
1277 2773 1493 2819 exporrecta
1510 2775 1541 2806 V
1558 2784 1603 2808 m.
1623 2776 1662 2818 2,
1681 2772 1738 2819 ΠΗ

214 2841 259 2873 74
285 2837 404 2872 clatra
427 2835 649 2871 Beroaldus:
676 2835 794 2870 caltra
819 2839 844 2869 0
870 2834 991 2870 cultra.
1015 2837 1045 2867 V
1069 2845 1114 2869 m.
1140 2835 1166 2868 2
1208 2833 1221 2877 ss
1265 2836 1308 2867 75
1352 2831 1497 2867 caedite
1522 2831 1735 2867 Liuineius:

213 2895 384 2942 c(a)edito
412 2895 467 2939 011
488 2898 531 2930 76
557 2894 704 2938 Mistaq3
730 2897 757 2927 F
779 2895 784 2938 Ι
806 2894 932 2929 addite
959 2897 983 2927 0
1010 2894 1044 2937 (e
1070 2893 1111 2928 in
1134 2895 1163 2925 Ε·
1187 2902 1231 2926 ex
1255 2892 1381 2936 corr.):
1407 2890 1527 2927 adiice
1553 2901 1575 2929 ς
