1898 3190
606 167 869 204 PROPERTII
892 167 981 204 LIB.
1007 166 1053 203 H.
1079 165 1156 203 24¹’.
1181 169 1238 202 25.
1629 161 1683 204 79

276 278 336 322 Hi
366 278 449 321 tibi
478 293 558 320 nos
590 277 768 320 erimus:
798 277 872 319 sed
902 280 952 319 tu
983 275 1128 331 potius
1158 288 1310 330 precor
1338 274 1389 314 ut
1418 286 1486 313 me

337 349 546 392 Demissis
577 348 761 403 plangas
791 349 967 402 pectora
995 346 1112 388 nuda
1142 345 1288 388 comis.

849 692 994 740 XXV.

278 797 416 840 Unica
446 799 551 839 nata
581 811 677 839 meo
709 796 1000 852 pulcherrima
1031 809 1135 837 cura
1166 793 1326 848 dolori,

336 868 541 911 Excludit
573 868 776 924 quoniam
808 882 902 910 sors
934 881 1031 908 mea
1062 865 1206 920 ‘saepe
1237 863 1371 918 ueni’‚

277 939 371 981 Ista
398 939 507 981 meis
538 940 614 981 fiet
642 939 872 981 notissima
902 938 1042 980 forma
1073 937 1249 990 libellis,

334 1008 470 1052 Calue
500 1013 577 1052 tua
606 1010 753 1065 uenia,
782 1024 887 1064 pace
920 1007 1089 1051 Catulle
1120 1010 1208 1050 tua.

243 1091 264 1123 5
281 1079 407 1123 Miles
439 1080 647 1135 depositis
680 1093 869 1122 annosus
901 1079 1079 1121 secubat
1109 1078 1258 1133 armis,

338 1150 665 1206 Grandaeuique
695 1153 859 1207 negant
891 1149 1042 1192 ducere
1075 1151 1218 1192 aratra
1248 1149 1400 1203 boues,

279 1221 427 1264 Putris
459 1224 503 1264 et
532 1222 579 1264 in
608 1236 746 1264 uacua
775 1221 1007 1276 requiescit
1036 1221 1161 1262 nauis
1194 1234 1342 1275 arena,

335 1292 397 1334 Et
426 1295 551 1334 uetus
583 1293 628 1334 in
658 1293 821 1347 {zemplo
853 1292 1008 1334 bellica
1038 1306 1190 1346 parma
1219 1293 1366 1333 uacat:

278 1362 341 1405 At
370 1377 437 1405 me
470 1364 524 1406 ab
555 1378 700 1406 amore
732 1366 807 1405 tuo
840 1363 1019 1405 deducet
1049 1363 1170 1405 nulla
1201 1364 1415 1415 senectus,

222 1444 266 1476 10
338 1431 436 1475 Siue
467 1447 548 1489 ego
580 1432 793 1476 Tisshonus
827 1434 917 1475 siue
949 1447 1028 1489 ego
1059 1431 1222 1474 Nestor
1253 1446 1340 1474 ero.

278 1503 434 1546 Nonne
464 1502 559 1546 fuit‘
580 1505 715 1546 satius
749 1504 855 1546 duro
888 1503 1047 1546 seruire
1078 1506 1266 1558 ssyranno

335 1574 397 1616 Et
427 1588 596 1630 gemere
627 1575 674 1616 in
702 1577 861 1631 tauro‚·
879 1589 1005 1617 saeue
1036 1573 1211 1629 Perille,
1241 1575 1336 1628 tuo,

280 1644 496 1702 Gorgonis
528 1647 572 1686 et
603 1645 739 1687 satius
771 1644 856 1687 fuiis
888 1644 1169 1688 obdurescere
1199 1644 1343 1699 uultu,

339 1714 581 1758 Caucaseas
613 1716 745 1757 etiam
777 1716 814 1758 si
845 1719 1092 1770 pateremur
1122 1714 1254 1757 aues?

223 1797 267 1829 15
281 1785 363 1829 Sed
393 1788 541 1829 tamen
570 1786 793 1829 obsistam.
823 1787 980 1829 terilzur
1009 1786 1208 1841 rubigine
1239 1800 1386 1828 mucro

338 1856 520 1899 Ferreus
553 1859 596 1899 et
625 1871 760 1912 paruo
793 1871 920 1912 saepe
951 1857 1116 1912 liquore
1149 1857 1274 1899 silex:

282 1927 343 1970 At
371 1929 490 1971 nullo
522 1928 721 1970 dominae
752 1928 906 1970 *aeritur
936 1928 1016 1970 sub
1049 1928 1228 1970 crimine
1260 1929 1447 1970 amator:

258 2114 348 2150 Vm.
375 2127 473 2149 nnc-r.
524 2118 566 2150 51
605 2114 656 2149 Hi
680 2118 712 2148 N
730 2117 777 2149 V:
803 2114 866 2149 Hii
888 2118 916 2147 F
942 2114 974 2149 li
997 2119 1026 2148 1)
1051 2114 1102 2149 Ni
1125 2100 1386 2149 Lachmav'mus
1407 2115 1413 2158 Ι
1433 2125 1589 2160 praecor
1613 2119 1641 2148 1)
1682 2115 1687 2161 Ι

163 2172 307 2218 potius,
330 2183 478 2218 precor,
503 2172 543 2208 in
566 2183 626 2208 me
650 2173 911 2208 Lachmannus
929 2174 942 2218 ΙΙ
961 2176 1005 2208 52
1030 2173 1182 2218 pectore
1207 2173 1372 2218 Scaliyer

258 2242 373 2278 XXV.
420 2243 534 2278 Noua
558 2244 670 2289 eleyia
695 2255 775 2279 cum
800 2244 907 2279 titulo
932 2243 980 2278 ad
1004 2244 1164 2279 amicam
1182 2243 1318 2279 iratam
1343 2243 1399 2289 (ir.
1420 2255 1488 2280 om.
1507 2246 1548 2288 F)
1573 2244 1616 2279 in
1635 2247 1660 2278 0
1678 2244 1691 2290 ΙΙ

167 2305 186 2336 1
211 2300 419 2347 pulcerima
441 2303 539 2347 1112
564 2302 669 2338 uenit
692 2306 724 2336 Π
747 2314 792 2337 m.
813 2305 853 2346 13
878 2301 994 2350 uenis,
1019 2313 1100 2338 eum
1125 2314 1214 2338 cura
1232 2303 1541 2348 coniunyendum,
1560 2304 1688 2348 uulyo3

166 2358 322 2395 Excludi
347 2371 380 2404 q.
406 2359 483 2395 fors
507 2372 556 2395 m.
582 2373 610 2396 s.
634 2361 742 2396 uehit
765 2361 1026 2396 Lachmamms
1057 2372 1136 2396 sors
1174 2372 1258 2396 mea
1283 2372 1396 2397 saeua
1419 2362 1542 2397 uicem
1566 2361 1688 2397 Sand-

163 2419 354 2454 moemius
377 2419 547 2463 (Excludi
572 2431 606 2463 q.
634 2431 661 2455 s.
688 2432 736 2455 m.
762 2431 791 2455 s.
815 2420 920 2455 uenit
939 2421 1178 2466 Maduiyius,
1204 2432 1278 2466 qua
1302 2421 1344 2456 in
1362 2422 1548 2466 scriptura
1565 2422 1687 2456 saltim

164 2477 258 2516 mihi
282 2479 453 2523 avpectes)
481 2479 494 2522 fl
522 2481 542 2513 5
569 2478 718 2514 annosis
743 2482 775 2513 Ἡ
798 2491 843 2514 m.
870 2483 891 2514 1
922 2480 936 2524 ΙΙ
966 2484 987 2515 8
1013 2478 1139 2525 palma
1163 2483 1208 2524 F,
1228 2484 1256 2513 1)
1281 2491 1350 2526 my.
1370 2491 1443 2524 pro
1467 2491 1550 2517 τιατ.
1576 2481 1651 2516 lect.
1677 2480 1689 2525 Η

167 2539 189 2571 9
213 2536 364 2572 diducet
388 2537 485 2572 Itali
512 2538 526 2582 Ι]
558 2541 601 2572 10
632 2536 774 2573 titonus
798 2541 826 2571 Ε
850 2537 1020 2573 thitonus
1044 2541 1077 2572 Π
1111 2539 1124 2583 fl
1163 2542 1203 2573 11
1232 2537 1376 2573 saeuire
1400 2541 1430 2571 V
1454 2549 1524 2584 my.
1548 2550 1593 2574 m.
1620 2540 1646 2573 2
1676 2538 1688 2583 11

168 2597 212 2629 12
236 2606 347 2630 saeue
373 2605 411 2632 ςε
437 2596 577 2641 s(a)epe
603 2600 628 2630 0
653 2597 666 2641 ΙΙ
693 2600 737 2630 14
762 2595 967 2633 Caucaseae
991 2602 1020 2631 1)
1038 2599 1070 2631 V
1094 2596 1304 2632 Caukaseas
1328 2600 1376 2632 R:
1403 2596 1601 2632 Caucasias
1626 2600 1653 2630 Ε
1677 2596 1690 2642 ΙΙ

167 2657 212 2688 15
255 2653 459 2698 obsistam,
483 2655 539 2690 ita
564 2657 607 2698 ⁰3
639 2655 723 2690 Non
758 2657 885 2691 tamen
915 2656 1038 2692 obsita
1062 2659 1092 2690 V
1122 2667 1191 2702 my.
1222 2667 1267 2691 m.
1293 2659 1318 2692 2
1355 2657 1368 2701 [Ι
1406 2660 1449 2691 16
1492 2655 1636 2700 liquore
1661 2659 1688 2688 F

167 2723 213 2748 m.
237 2716 282 2758 2,
305 2716 354 2758 Π,
378 2716 409 2747 V
438 2725 483 2748 m.
515 2717 559 2750 2:
591 2713 705 2749 licere
732 2717 756 2748 0
798 2716 812 2759 ΙΙ
856 2718 899 2750 17
937 2714 1137 2760 domin(a)e
1162 2717 1240 2748 ΕΝ
1271 2715 1318 2759 (et
1346 2719 1376 2749 D
1408 2725 1477 2760 my.
1506 2725 1575 2759 pro
1605 2725 1686 2749 war.

169 2770 278 2815 loct.):
303 2771 349 2807 de
373 2782 434 2807 me
457 2776 486 2806 1)
512 2773 559 2817 (et
582 2775 612 2805 V
636 2783 704 2818 my.
729 2784 774 2808 m.
800 2773 842 2818 2)
866 2773 938 2821 dne
964 2774 1043 2819 (sic)
1068 2776 1099 2807 V
1129 2775 1135 2817 Ι
1166 2773 1233 2808 sub
1259 2773 1412 2809 crimine
1438 2773 1688 2818 Lanyerman·

167 2839 254 2865 nus:
292 2830 362 2866 sub
398 2830 537 2866 lumine
563 2834 588 2865 0
626 2831 823 2867 sublimine
850 2835 883 2866 11
918 2832 1110 2868 molimine
1134 2832 1320 2868 Dauisius
1345 2833 1413 2867 sub
1445 2832 1598 2867 fulmine
1631 2831 1689 2866 uel

170 2886 376 2924 sufflamine
396 2889 616 2926 Fonteinius
636 2891 714 2935 (hoc
731 2894 764 2926 et
786 2891 850 2926 Tb.
862 2891 1023 2936 Birtius)
1044 2893 1050 2938 Ι
1072 2892 1218 2928 amai-,or
1235 2891 1430 2927 Heinsius:
1457 2901 1561 2926 amor
1578 2890 1643 2935 qui
1662 2893 1688 2924 0
