<?xml version="1.0" encoding="UTF-8"?>
<!DOCTYPE html PUBLIC "-//W3C//DTD XHTML 1.0 Transitional//EN"
    "http://www.w3.org/TR/xhtml1/DTD/xhtml1-transitional.dtd">
<html xmlns="http://www.w3.org/1999/xhtml" xml:lang="en" lang="en">
 <head>
  <title>
</title>
<meta http-equiv="Content-Type" content="text/html;charset=utf-8" />
  <meta name='ocr-system' content='tesseract 3.04.00' />
  <meta name='ocr-capabilities' content='ocr_page ocr_carea ocr_par ocr_line ocrx_word'/>
</head>
<body>
  <div class='ocr_page' id='page_1' title='image "./elegiarumlibrir00propuoft_0231.png"; bbox 0 0 1898 3190; ppageno 0'>
   <div class='ocr_carea' id='block_1_1' title="bbox 0 1166 77 3190">
    <p class='ocr_par' dir='ltr' id='par_1_1' title="bbox 0 1166 77 3190">
     <span class='ocr_line' id='line_1_1' title="bbox 0 1166 77 3190; baseline 0 0"><span class='ocrx_word' id='word_1_1' title='bbox 0 1166 77 3190; x_wconf 95' lang='lat' dir='ltr'><strong> </strong></span> 
     </span>
    </p>
   </div>
   <div class='ocr_carea' id='block_1_2' title="bbox 650 157 1667 204">
    <p class='ocr_par' dir='ltr' id='par_1_2' title="bbox 650 157 1667 204">
     <span class='ocr_line' id='line_1_2' title="bbox 650 157 1667 204; baseline -0.006 0"><span class='ocrx_word' id='word_1_2' title='bbox 650 166 914 204; x_wconf 80' lang='lat' dir='ltr'>PROPERTII</span> <span class='ocrx_word' id='word_1_3' title='bbox 936 164 1029 202; x_wconf 86' lang='lat' dir='ltr'><strong>LIB.</strong></span> <span class='ocrx_word' id='word_1_4' title='bbox 1054 163 1117 200; x_wconf 89' lang='lat' dir='ltr'><strong>IV.</strong></span> <span class='ocrx_word' id='word_1_5' title='bbox 1143 167 1177 198; x_wconf 82' lang='lat'><strong>5.</strong></span> <span class='ocrx_word' id='word_1_6' title='bbox 1583 157 1667 200; x_wconf 81' lang='grc'><strong>171</strong></span> 
     </span>
    </p>
   </div>
   <div class='ocr_carea' id='block_1_3' title="bbox 877 371 934 418">
    <p class='ocr_par' dir='ltr' id='par_1_3' title="bbox 877 371 934 418">
     <span class='ocr_line' id='line_1_3' title="bbox 877 371 934 418; baseline 0 0"><span class='ocrx_word' id='word_1_7' title='bbox 877 371 934 418; x_wconf 88' lang='lat' dir='ltr'><strong>V.</strong></span> 
     </span>
    </p>
   </div>
   <div class='ocr_carea' id='block_1_4' title="bbox 210 472 1501 1517">
    <p class='ocr_par' dir='ltr' id='par_1_4' title="bbox 210 472 1501 1517">
     <span class='ocr_line' id='line_1_4' title="bbox 262 472 1394 533; baseline -0.009 -11"><span class='ocrx_word' id='word_1_8' title='bbox 262 479 397 522; x_wconf 81' lang='lat' dir='ltr'><strong>Terra</strong></span> <span class='ocrx_word' id='word_1_9' title='bbox 426 482 549 522; x_wconf 81' lang='lat' dir='ltr'><strong>tuum</strong></span> <span class='ocrx_word' id='word_1_10' title='bbox 580 477 717 533; x_wconf 83' lang='lat' dir='ltr'>spinis</span> <span class='ocrx_word' id='word_1_11' title='bbox 749 475 953 530; x_wconf 81' lang='lat' dir='ltr'><strong>obducat,</strong></span> <span class='ocrx_word' id='word_1_12' title='bbox 984 475 1100 525; x_wconf 88' lang='lat' dir='ltr'><strong>lena,</strong></span> <span class='ocrx_word' id='word_1_13' title='bbox 1131 472 1394 528; x_wconf 83' lang='lat' dir='ltr'><strong>sepulcrum,</strong></span> 
     </span>
     <span class='ocr_line' id='line_1_5' title="bbox 321 542 1428 605; baseline -0.009 -12"><span class='ocrx_word' id='word_1_14' title='bbox 321 550 382 593; x_wconf 79' lang='lat' dir='ltr'><strong>Et</strong></span> <span class='ocrx_word' id='word_1_15' title='bbox 410 553 504 605; x_wconf 86' lang='lat' dir='ltr'><strong>tua,</strong></span> <span class='ocrx_word' id='word_1_16' title='bbox 536 549 651 605; x_wconf 93' lang='lat' dir='ltr'><strong>quod</strong></span> <span class='ocrx_word' id='word_1_17' title='bbox 679 562 768 591; x_wconf 92' lang='lat' dir='ltr'><strong>non</strong></span> <span class='ocrx_word' id='word_1_18' title='bbox 800 548 884 602; x_wconf 90' lang='lat' dir='ltr'><strong>uis,</strong></span> <span class='ocrx_word' id='word_1_19' title='bbox 914 546 1074 588; x_wconf 84' lang='lat' dir='ltr'><strong>sentiat</strong></span> <span class='ocrx_word' id='word_1_20' title='bbox 1104 544 1259 586; x_wconf 88' lang='lat' dir='ltr'><strong>umbra</strong></span> <span class='ocrx_word' id='word_1_21' title='bbox 1289 542 1428 595; x_wconf 87' lang='lat' dir='ltr'><strong>sitim,</strong></span> 
     </span>
     <span class='ocr_line' id='line_1_6' title="bbox 262 613 1390 673; baseline -0.009 -8"><span class='ocrx_word' id='word_1_22' title='bbox 262 621 355 665; x_wconf 86' lang='lat' dir='ltr'><strong>Nee</strong></span> <span class='ocrx_word' id='word_1_23' title='bbox 385 621 563 664; x_wconf 78' lang='lat' dir='ltr'><strong>sedeant</strong></span> <span class='ocrx_word' id='word_1_24' title='bbox 592 619 726 662; x_wconf 86' lang='lat' dir='ltr'><strong>cineri</strong></span> <span class='ocrx_word' id='word_1_25' title='bbox 755 618 927 673; x_wconf 83' lang='lat' dir='ltr'><strong>Manes,</strong></span> <span class='ocrx_word' id='word_1_26' title='bbox 958 619 1002 659; x_wconf 87' lang='lat' dir='ltr'><strong>et</strong></span> <span class='ocrx_word' id='word_1_27' title='bbox 1031 615 1244 659; x_wconf 83' lang='lat' dir='ltr'>Cerberus</span> <span class='ocrx_word' id='word_1_28' title='bbox 1274 613 1390 656; x_wconf 84' lang='lat' dir='ltr'><strong>ultor</strong></span> 
     </span>
     <span class='ocr_line' id='line_1_7' title="bbox 323 691 1135 748; baseline -0.009 -13"><span class='ocrx_word' id='word_1_29' title='bbox 323 693 487 748; x_wconf 81' lang='lat' dir='ltr'><strong>Turpia</strong></span> <span class='ocrx_word' id='word_1_30' title='bbox 515 691 659 733; x_wconf 90' lang='lat' dir='ltr'><strong>ieiuno</strong></span> <span class='ocrx_word' id='word_1_31' title='bbox 690 691 854 732; x_wconf 85' lang='lat' dir='ltr'><strong>terreat</strong></span> <span class='ocrx_word' id='word_1_32' title='bbox 884 702 983 731; x_wconf 87' lang='lat' dir='ltr'><strong>ossa</strong></span> <span class='ocrx_word' id='word_1_33' title='bbox 1014 701 1135 729; x_wconf 86' lang='lat' dir='ltr'><strong>sono.</strong></span> 
     </span>
     <span class='ocr_line' id='line_1_8' title="bbox 228 757 1501 817; baseline -0.008 -10"><span class='ocrx_word' id='word_1_34' title='bbox 228 763 407 808; x_wconf 82' lang='lat' dir='ltr'><strong>5Doeta</strong></span> <span class='ocrx_word' id='word_1_35' title='bbox 436 762 508 805; x_wconf 90' lang='lat' dir='ltr'><strong>uel</strong></span> <span class='ocrx_word' id='word_1_36' title='bbox 537 761 828 817; x_wconf 81' lang='lat' dir='ltr'><strong>Hippolytum</strong></span> <span class='ocrx_word' id='word_1_37' title='bbox 859 759 1019 802; x_wconf 88' lang='lat' dir='ltr'><strong>Veneri</strong></span> <span class='ocrx_word' id='word_1_38' title='bbox 1049 757 1219 800; x_wconf 88' lang='lat' dir='ltr'><strong>mollire</strong></span> <span class='ocrx_word' id='word_1_39' title='bbox 1250 757 1501 812; x_wconf 71' lang='lat' dir='ltr'><strong>negantem,</strong></span> 
     </span>
     <span class='ocr_line' id='line_1_9' title="bbox 324 828 1312 890; baseline -0.009 -12"><span class='ocrx_word' id='word_1_40' title='bbox 324 834 622 890; x_wconf 75' lang='lat' dir='ltr'><strong>concordique</strong></span> <span class='ocrx_word' id='word_1_41' title='bbox 651 835 749 876; x_wconf 86' lang='lat' dir='ltr'><strong>toro</strong></span> <span class='ocrx_word' id='word_1_42' title='bbox 779 831 970 888; x_wconf 86' lang='lat' dir='ltr'><strong>pessima</strong></span> <span class='ocrx_word' id='word_1_43' title='bbox 1001 843 1168 884; x_wconf 82' lang='lat' dir='ltr'>semper</span> <span class='ocrx_word' id='word_1_44' title='bbox 1199 828 1312 883; x_wconf 86' lang='lat' dir='ltr'><strong>auis,</strong></span> 
     </span>
     <span class='ocr_line' id='line_1_10' title="bbox 263 899 1318 961; baseline -0.009 -11"><span class='ocrx_word' id='word_1_45' title='bbox 263 906 511 961; x_wconf 83' lang='lat' dir='ltr'><strong>Penelopen</strong></span> <span class='ocrx_word' id='word_1_46' title='bbox 541 919 709 961; x_wconf 89' lang='lat' dir='ltr'><strong>quoque</strong></span> <span class='ocrx_word' id='word_1_47' title='bbox 738 904 935 959; x_wconf 72' lang='lat' dir='ltr'><strong>neglecto</strong></span> <span class='ocrx_word' id='word_1_48' title='bbox 966 915 1137 943; x_wconf 89' lang='lat' dir='ltr'><strong>rumore</strong></span> <span class='ocrx_word' id='word_1_49' title='bbox 1168 899 1318 941; x_wconf 84' lang='lat' dir='ltr'><strong>mariti</strong></span> 
     </span>
     <span class='ocr_line' id='line_1_11' title="bbox 323 972 1131 1030; baseline -0.007 -10"><span class='ocrx_word' id='word_1_50' title='bbox 323 976 498 1020; x_wconf 84' lang='lat' dir='ltr'><strong>Nubere</strong></span> <span class='ocrx_word' id='word_1_51' title='bbox 527 975 691 1018; x_wconf 81' lang='lat' dir='ltr'><strong>lasciuo</strong></span> <span class='ocrx_word' id='word_1_52' title='bbox 721 976 895 1030; x_wconf 83' lang='lat' dir='ltr'><strong>cogeret</strong></span> <span class='ocrx_word' id='word_1_53' title='bbox 924 972 1131 1015; x_wconf 76' lang='lat' dir='ltr'><strong>Antinoo.</strong></span> 
     </span>
     <span class='ocr_line' id='line_1_12' title="bbox 266 1041 1401 1102; baseline -0.007 -12"><span class='ocrx_word' id='word_1_54' title='bbox 266 1048 351 1090; x_wconf 83' lang='lat' dir='ltr'><strong>Illa</strong></span> <span class='ocrx_word' id='word_1_55' title='bbox 379 1046 507 1102; x_wconf 86' lang='lat' dir='ltr'><strong>uelit,</strong></span> <span class='ocrx_word' id='word_1_56' title='bbox 536 1046 699 1102; x_wconf 78' lang='lat' dir='ltr'><strong>poterit</strong></span> <span class='ocrx_word' id='word_1_57' title='bbox 727 1058 906 1100; x_wconf 84' lang='lat' dir='ltr'><strong>magnes</strong></span> <span class='ocrx_word' id='word_1_58' title='bbox 937 1058 1027 1086; x_wconf 91' lang='lat' dir='ltr'><strong>non</strong></span> <span class='ocrx_word' id='word_1_59' title='bbox 1056 1043 1210 1085; x_wconf 83' lang='lat' dir='ltr'><strong>ducere</strong></span> <span class='ocrx_word' id='word_1_60' title='bbox 1240 1041 1401 1083; x_wconf 88' lang='lat' dir='ltr'><strong>ferrum</strong></span> 
     </span>
     <span class='ocr_line' id='line_1_13' title="bbox 210 1112 1223 1163; baseline -0.008 -1"><span class='ocrx_word' id='word_1_61' title='bbox 210 1130 256 1163; x_wconf 85' lang='lat'><strong>10</strong></span> <span class='ocrx_word' id='word_1_62' title='bbox 325 1118 387 1161; x_wconf 76' lang='lat' dir='ltr'><strong>Et</strong></span> <span class='ocrx_word' id='word_1_63' title='bbox 415 1117 604 1160; x_wconf 84' lang='lat' dir='ltr'><strong>uolueris</strong></span> <span class='ocrx_word' id='word_1_64' title='bbox 634 1116 750 1158; x_wconf 83' lang='lat' dir='ltr'><strong>nidis</strong></span> <span class='ocrx_word' id='word_1_65' title='bbox 781 1130 874 1158; x_wconf 85' lang='lat' dir='ltr'><strong>esse</strong></span> <span class='ocrx_word' id='word_1_66' title='bbox 904 1128 1091 1158; x_wconf 86' lang='lat' dir='ltr'><strong>nouerca</strong></span> <span class='ocrx_word' id='word_1_67' title='bbox 1122 1112 1223 1155; x_wconf 89' lang='lat' dir='ltr'><strong>suis.</strong></span> 
     </span>
     <span class='ocr_line' id='line_1_14' title="bbox 268 1183 1453 1245; baseline -0.006 -14"><span class='ocrx_word' id='word_1_68' title='bbox 268 1189 437 1245; x_wconf 83' lang='lat' dir='ltr'><strong>Quippe</strong></span> <span class='ocrx_word' id='word_1_69' title='bbox 467 1190 528 1243; x_wconf 90' lang='lat' dir='ltr'><strong>et,</strong></span> <span class='ocrx_word' id='word_1_70' title='bbox 559 1186 749 1231; x_wconf 79' lang='lat' dir='ltr'><strong>Collinas</strong></span> <span class='ocrx_word' id='word_1_71' title='bbox 780 1187 834 1230; x_wconf 80' lang='lat' dir='ltr'><strong>ad</strong></span> <span class='ocrx_word' id='word_1_72' title='bbox 863 1186 1029 1229; x_wconf 86' lang='lat' dir='ltr'><strong>fossam</strong></span> <span class='ocrx_word' id='word_1_73' title='bbox 1059 1184 1245 1227; x_wconf 86' lang='lat' dir='ltr'><strong>mouerit</strong></span> <span class='ocrx_word' id='word_1_74' title='bbox 1274 1183 1453 1238; x_wconf 84' lang='lat' dir='ltr'><strong>herbas,</strong></span> 
     </span>
     <span class='ocr_line' id='line_1_15' title="bbox 329 1258 1167 1312; baseline -0.004 -10"><span class='ocrx_word' id='word_1_75' title='bbox 329 1258 501 1302; x_wconf 84' lang='lat' dir='ltr'><strong>Stantia</strong></span> <span class='ocrx_word' id='word_1_76' title='bbox 530 1259 719 1301; x_wconf 83' lang='lat' dir='ltr'><strong>currenti</strong></span> <span class='ocrx_word' id='word_1_77' title='bbox 749 1258 1013 1300; x_wconf 75' lang='lat' dir='ltr'><strong>diluerentur</strong></span> <span class='ocrx_word' id='word_1_78' title='bbox 1043 1272 1167 1312; x_wconf 84' lang='lat' dir='ltr'><strong>aqua.</strong></span> 
     </span>
     <span class='ocr_line' id='line_1_16' title="bbox 268 1329 1198 1387; baseline -0.003 -13"><span class='ocrx_word' id='word_1_79' title='bbox 268 1331 423 1374; x_wconf 84' lang='lat' dir='ltr'><strong>Audax</strong></span> <span class='ocrx_word' id='word_1_80' title='bbox 454 1332 653 1373; x_wconf 86' lang='lat' dir='ltr'><strong>cantatae</strong></span> <span class='ocrx_word' id='word_1_81' title='bbox 683 1329 802 1387; x_wconf 88' lang='lat' dir='ltr'><strong>leges</strong></span> <span class='ocrx_word' id='word_1_82' title='bbox 833 1330 1040 1385; x_wconf 90' lang='lat' dir='ltr'><strong>inponere</strong></span> <span class='ocrx_word' id='word_1_83' title='bbox 1070 1329 1198 1371; x_wconf 85' lang='lat' dir='ltr'><strong>lunae</strong></span> 
     </span>
     <span class='ocr_line' id='line_1_17' title="bbox 327 1401 1227 1458; baseline -0.003 -13"><span class='ocrx_word' id='word_1_84' title='bbox 327 1401 389 1445; x_wconf 83' lang='lat' dir='ltr'><strong>Et</strong></span> <span class='ocrx_word' id='word_1_85' title='bbox 418 1417 497 1445; x_wconf 85' lang='lat' dir='ltr'><strong>sua</strong></span> <span class='ocrx_word' id='word_1_86' title='bbox 526 1404 738 1444; x_wconf 86' lang='lat' dir='ltr'><strong>nocturno</strong></span> <span class='ocrx_word' id='word_1_87' title='bbox 768 1401 918 1444; x_wconf 86' lang='lat' dir='ltr'><strong>fallere</strong></span> <span class='ocrx_word' id='word_1_88' title='bbox 948 1403 1072 1458; x_wconf 85' lang='lat' dir='ltr'><strong>terga</strong></span> <span class='ocrx_word' id='word_1_89' title='bbox 1102 1401 1227 1456; x_wconf 85' lang='lat' dir='ltr'><strong>lupo,</strong></span> 
     </span>
     <span class='ocr_line' id='line_1_18' title="bbox 213 1472 1267 1517; baseline -0.003 0"><span class='ocrx_word' id='word_1_90' title='bbox 213 1485 257 1517; x_wconf 87' lang='lat'><strong>15</strong></span> <span class='ocrx_word' id='word_1_91' title='bbox 271 1473 426 1517; x_wconf 86' lang='lat' dir='ltr'><strong>Posset</strong></span> <span class='ocrx_word' id='word_1_92' title='bbox 455 1475 500 1516; x_wconf 84' lang='lat' dir='ltr'><strong>et</strong></span> <span class='ocrx_word' id='word_1_93' title='bbox 528 1473 721 1515; x_wconf 85' lang='lat' dir='ltr'><strong>intentos</strong></span> <span class='ocrx_word' id='word_1_94' title='bbox 753 1475 851 1515; x_wconf 89' lang='lat' dir='ltr'><strong>astu</strong></span> <span class='ocrx_word' id='word_1_95' title='bbox 881 1487 1055 1515; x_wconf 84' lang='lat' dir='ltr'><strong>caecare</strong></span> <span class='ocrx_word' id='word_1_96' title='bbox 1085 1472 1267 1515; x_wconf 83' lang='lat' dir='ltr'><strong>maritos</strong></span> 
     </span>
    </p>
   </div>
   <div class='ocr_carea' id='block_1_5' title="bbox 784 1586 1045 1666">
    <p class='ocr_par' dir='ltr' id='par_1_5' title="bbox 784 1586 1045 1666">
     <span class='ocr_line' id='line_1_19' title="bbox 903 1586 927 1607; baseline 0 -6"><span class='ocrx_word' id='word_1_97' title='bbox 903 1586 927 1607; x_wconf 79' lang='lat'>*</span> 
     </span>
     <span class='ocr_line' id='line_1_20' title="bbox 784 1642 1045 1666; baseline 0 0"><span class='ocrx_word' id='word_1_98' title='bbox 784 1642 808 1666; x_wconf 87' lang='lat'>*</span> <span class='ocrx_word' id='word_1_99' title='bbox 1021 1642 1045 1666; x_wconf 65' lang='grc' dir='ltr'><strong>ιιι</strong></span> 
     </span>
    </p>
   </div>
   <div class='ocr_carea' id='block_1_6' title="bbox 274 1721 1549 1921">
    <p class='ocr_par' dir='ltr' id='par_1_6' title="bbox 274 1721 1549 1921">
     <span class='ocr_line' id='line_1_21' title="bbox 331 1721 1314 1778; baseline -0.001 -13"><span class='ocrx_word' id='word_1_100' title='bbox 331 1721 561 1766; x_wconf 83' lang='lat' dir='ltr'><strong>Cornicum</strong></span> <span class='ocrx_word' id='word_1_101' title='bbox 591 1722 813 1764; x_wconf 78' lang='lat' dir='ltr'><strong>inmeritas</strong></span> <span class='ocrx_word' id='word_1_102' title='bbox 845 1722 957 1764; x_wconf 87' lang='lat' dir='ltr'><strong>eruit</strong></span> <span class='ocrx_word' id='word_1_103' title='bbox 986 1735 1131 1778; x_wconf 85' lang='lat' dir='ltr'><strong>ungue</strong></span> <span class='ocrx_word' id='word_1_104' title='bbox 1162 1735 1314 1778; x_wconf 82' lang='lat' dir='ltr'><strong>genas,</strong></span> 
     </span>
     <span class='ocr_line' id='line_1_22' title="bbox 274 1792 1549 1850; baseline -0.001 -13"><span class='ocrx_word' id='word_1_105' title='bbox 274 1792 588 1849; x_wconf 75' lang='lat' dir='ltr'><strong>consuluitque</strong></span> <span class='ocrx_word' id='word_1_106' title='bbox 619 1793 775 1850; x_wconf 80' lang='lat' dir='ltr'><strong>striges</strong></span> <span class='ocrx_word' id='word_1_107' title='bbox 805 1795 957 1836; x_wconf 89' lang='lat' dir='ltr'><strong>nostro</strong></span> <span class='ocrx_word' id='word_1_108' title='bbox 988 1792 1039 1834; x_wconf 91' lang='lat' dir='ltr'><strong>de</strong></span> <span class='ocrx_word' id='word_1_109' title='bbox 1071 1793 1296 1848; x_wconf 82' lang='lat' dir='ltr'><strong>sanguine,</strong></span> <span class='ocrx_word' id='word_1_110' title='bbox 1328 1796 1372 1835; x_wconf 86' lang='lat' dir='ltr'><strong>et</strong></span> <span class='ocrx_word' id='word_1_111' title='bbox 1401 1793 1447 1835; x_wconf 90' lang='lat' dir='ltr'><strong>in</strong></span> <span class='ocrx_word' id='word_1_112' title='bbox 1479 1808 1549 1836; x_wconf 87' lang='lat' dir='ltr'><strong>me</strong></span> 
     </span>
     <span class='ocr_line' id='line_1_23' title="bbox 333 1864 1284 1921; baseline -0.001 -13"><span class='ocrx_word' id='word_1_113' title='bbox 333 1865 633 1920; x_wconf 80' lang='lat' dir='ltr'><strong>Hippomanes</strong></span> <span class='ocrx_word' id='word_1_114' title='bbox 662 1865 776 1907; x_wconf 86' lang='lat' dir='ltr'><strong>fetae</strong></span> <span class='ocrx_word' id='word_1_115' title='bbox 808 1864 974 1907; x_wconf 86' lang='lat' dir='ltr'><strong>semina</strong></span> <span class='ocrx_word' id='word_1_116' title='bbox 1002 1864 1110 1920; x_wconf 86' lang='lat' dir='ltr'><strong>legit</strong></span> <span class='ocrx_word' id='word_1_117' title='bbox 1139 1878 1284 1921; x_wconf 87' lang='lat' dir='ltr'><strong>equae.</strong></span> 
     </span>
    </p>
   </div>
   <div class='ocr_carea' id='block_1_7' title="bbox 155 1997 438 2003">
    <p class='ocr_par' dir='ltr' id='par_1_7' title="bbox 155 1997 438 2003">
     <span class='ocr_line' id='line_1_24' title="bbox 155 1997 438 2003; baseline 0 0"><span class='ocrx_word' id='word_1_118' title='bbox 155 1997 438 2003; x_wconf 95' lang='lat' dir='ltr'><strong> </strong></span> 
     </span>
    </p>
   </div>
   <div class='ocr_carea' id='block_1_8' title="bbox 155 2075 1686 2954">
    <p class='ocr_par' dir='ltr' id='par_1_8' title="bbox 155 2075 1686 2954">
     <span class='ocr_line' id='line_1_25' title="bbox 251 2075 1684 2123; baseline 0 -9"><span class='ocrx_word' id='word_1_119' title='bbox 251 2077 345 2114; x_wconf 72' lang='lat' dir='ltr'><strong>Vn.</strong></span> <span class='ocrx_word' id='word_1_120' title='bbox 368 2089 469 2112; x_wconf 73' lang='lat' dir='ltr'><strong>uer.</strong></span> <span class='ocrx_word' id='word_1_121' title='bbox 535 2076 581 2112; x_wconf 85' lang='lat' dir='ltr'><strong>V.</strong></span> <span class='ocrx_word' id='word_1_122' title='bbox 637 2075 791 2111; x_wconf 74' lang='lat' dir='ltr'><strong>Nouum</strong></span> <span class='ocrx_word' id='word_1_123' title='bbox 813 2085 959 2110; x_wconf 72' lang='lat' dir='ltr'><strong>cannen</strong></span> <span class='ocrx_word' id='word_1_124' title='bbox 982 2075 1025 2110; x_wconf 80' lang='lat' dir='ltr'><strong>in</strong></span> <span class='ocrx_word' id='word_1_125' title='bbox 1049 2078 1075 2109; x_wconf 89' lang='grc'><strong>0</strong></span> <span class='ocrx_word' id='word_1_126' title='bbox 1099 2075 1162 2120; x_wconf 81' lang='lat' dir='ltr'><strong>(ad</strong></span> <span class='ocrx_word' id='word_1_127' title='bbox 1187 2075 1335 2112; x_wconf 83' lang='lat' dir='ltr'><strong>laenam</strong></span> <span class='ocrx_word' id='word_1_128' title='bbox 1357 2081 1387 2111; x_wconf 82' lang='lat' dir='ltr'>D</span> <span class='ocrx_word' id='word_1_129' title='bbox 1406 2080 1454 2122; x_wconf 76' lang='lat' dir='ltr'><strong>V,</strong></span> <span class='ocrx_word' id='word_1_130' title='bbox 1478 2089 1545 2113; x_wconf 88' lang='lat' dir='ltr'><strong>om.</strong></span> <span class='ocrx_word' id='word_1_131' title='bbox 1571 2082 1617 2123; x_wconf 76' lang='lat' dir='ltr'><strong>r,</strong></span> <span class='ocrx_word' id='word_1_132' title='bbox 1642 2079 1684 2114; x_wconf 79' lang='lat' dir='ltr'><strong>in</strong></span> 
     </span>
     <span class='ocr_line' id='line_1_26' title="bbox 156 2135 1685 2185; baseline -0.001 -12"><span class='ocrx_word' id='word_1_133' title='bbox 156 2149 228 2185; x_wconf 70' lang='lat' dir='ltr'><strong>quo</strong></span> <span class='ocrx_word' id='word_1_134' title='bbox 244 2137 438 2184; x_wconf 64' lang='lat' dir='ltr'><strong>prior-&#39;bus</strong></span> <span class='ocrx_word' id='word_1_135' title='bbox 461 2136 632 2172; x_wconf 63' lang='lat' dir='ltr'><strong>minuerat</strong></span> <span class='ocrx_word' id='word_1_136' title='bbox 653 2136 720 2171; x_wconf 78' lang='lat' dir='ltr'><strong>hoc</strong></span> <span class='ocrx_word' id='word_1_137' title='bbox 737 2145 899 2179; x_wconf 72' lang='lat' dir='ltr'><strong>carmen,</strong></span> <span class='ocrx_word' id='word_1_138' title='bbox 923 2135 984 2170; x_wconf 75' lang='lat' dir='ltr'><strong>sed</strong></span> <span class='ocrx_word' id='word_1_139' title='bbox 1004 2135 1072 2170; x_wconf 77' lang='lat' dir='ltr'><strong>litt.</strong></span> <span class='ocrx_word' id='word_1_140' title='bbox 1092 2135 1235 2170; x_wconf 75' lang='lat' dir='ltr'><strong>initiali</strong></span> <span class='ocrx_word' id='word_1_141' title='bbox 1251 2137 1478 2182; x_wconf 73' lang='lat' dir='ltr'><strong>distinctum)</strong></span> <span class='ocrx_word' id='word_1_142' title='bbox 1495 2138 1509 2182; x_wconf 92' lang='grc' dir='ltr'>Ι</span> <span class='ocrx_word' id='word_1_143' title='bbox 1530 2142 1547 2172; x_wconf 95' lang='grc'>1</span> <span class='ocrx_word' id='word_1_144' title='bbox 1575 2138 1685 2174; x_wconf 81' lang='lat' dir='ltr'><strong>laena</strong></span> 
     </span>
     <span class='ocr_line' id='line_1_27' title="bbox 155 2193 1684 2242; baseline 0.001 -10"><span class='ocrx_word' id='word_1_145' title='bbox 155 2201 187 2232; x_wconf 75' lang='lat'><strong>1)</strong></span> <span class='ocrx_word' id='word_1_146' title='bbox 203 2199 236 2231; x_wconf 76' lang='lat' dir='ltr'>V</span> <span class='ocrx_word' id='word_1_147' title='bbox 259 2197 422 2242; x_wconf 64' lang='lat' dir='ltr'><strong>(semper)</strong></span> <span class='ocrx_word' id='word_1_148' title='bbox 443 2196 450 2240; x_wconf 81' lang='grc' dir='ltr'>Ι</span> <span class='ocrx_word' id='word_1_149' title='bbox 471 2194 709 2240; x_wconf 83' lang='lat' dir='ltr'><strong>sepulchrum</strong></span> <span class='ocrx_word' id='word_1_150' title='bbox 733 2197 765 2228; x_wconf 75' lang='lat'><strong>11</strong></span> <span class='ocrx_word' id='word_1_151' title='bbox 783 2195 796 2238; x_wconf 86' lang='grc' dir='ltr'>Ι</span> <span class='ocrx_word' id='word_1_152' title='bbox 814 2198 858 2229; x_wconf 81' lang='lat'><strong>22</strong></span> <span class='ocrx_word' id='word_1_153' title='bbox 885 2205 999 2239; x_wconf 87' lang='lat' dir='ltr'><strong>quam</strong></span> <span class='ocrx_word' id='word_1_154' title='bbox 1023 2193 1161 2230; x_wconf 87' lang='lat' dir='ltr'><strong>meruit</strong></span> <span class='ocrx_word' id='word_1_155' title='bbox 1181 2195 1439 2231; x_wconf 56' lang='lat' dir='ltr'><strong>Brona-husius</strong></span> <span class='ocrx_word' id='word_1_156' title='bbox 1461 2196 1563 2241; x_wconf 83' lang='lat' dir='ltr'><strong>quod</strong></span> <span class='ocrx_word' id='word_1_157' title='bbox 1585 2196 1684 2233; x_wconf 85' lang='lat' dir='ltr'><strong>nolis</strong></span> 
     </span>
     <span class='ocr_line' id='line_1_28' title="bbox 156 2253 1686 2300; baseline -0.001 -8"><span class='ocrx_word' id='word_1_158' title='bbox 156 2256 400 2292; x_wconf 59' lang='lat' dir='ltr'><strong>Bmmanmoe</strong></span> <span class='ocrx_word' id='word_1_159' title='bbox 424 2254 524 2299; x_wconf 87' lang='lat' dir='ltr'><strong>quod</strong></span> <span class='ocrx_word' id='word_1_160' title='bbox 546 2265 645 2290; x_wconf 82' lang='lat' dir='ltr'><strong>nunc</strong></span> <span class='ocrx_word' id='word_1_161' title='bbox 669 2264 709 2289; x_wconf 86' lang='lat' dir='ltr'><strong>es</strong></span> <span class='ocrx_word' id='word_1_162' title='bbox 734 2253 955 2289; x_wconf 76' lang='lat' dir='ltr'><strong>Fonteinius</strong></span> <span class='ocrx_word' id='word_1_163' title='bbox 979 2254 993 2299; x_wconf 89' lang='grc' dir='ltr'>Ι</span> <span class='ocrx_word' id='word_1_164' title='bbox 1016 2257 1038 2288; x_wconf 90' lang='grc'><strong>3</strong></span> <span class='ocrx_word' id='word_1_165' title='bbox 1063 2255 1102 2288; x_wconf 80' lang='lat' dir='ltr'><strong>et</strong></span> <span class='ocrx_word' id='word_1_166' title='bbox 1124 2258 1153 2288; x_wconf 78' lang='lat'><strong>1)</strong></span> <span class='ocrx_word' id='word_1_167' title='bbox 1173 2257 1205 2288; x_wconf 73' lang='grc' dir='ltr'>Π</span> <span class='ocrx_word' id='word_1_168' title='bbox 1223 2255 1320 2299; x_wconf 69' lang='grc' dir='ltr'><strong>Ῡ,(Ὲ</strong></span> <span class='ocrx_word' id='word_1_169' title='bbox 1343 2266 1389 2291; x_wconf 82' lang='lat' dir='ltr'><strong>m.</strong></span> <span class='ocrx_word' id='word_1_170' title='bbox 1415 2256 1475 2300; x_wconf 83' lang='lat'><strong>2):</strong></span> <span class='ocrx_word' id='word_1_171' title='bbox 1500 2267 1566 2291; x_wconf 90' lang='lat' dir='ltr'><strong>om.</strong></span> <span class='ocrx_word' id='word_1_172' title='bbox 1592 2260 1620 2290; x_wconf 71' lang='grc' dir='ltr'><strong>Γ</strong></span> <span class='ocrx_word' id='word_1_173' title='bbox 1644 2258 1686 2292; x_wconf 84' lang='lat' dir='ltr'><strong>at</strong></span> 
     </span>
     <span class='ocr_line' id='line_1_29' title="bbox 157 2312 1684 2361; baseline 0 -10"><span class='ocrx_word' id='word_1_174' title='bbox 157 2315 217 2351; x_wconf 78' lang='lat' dir='ltr'><strong>uel</strong></span> <span class='ocrx_word' id='word_1_175' title='bbox 241 2313 307 2350; x_wconf 79' lang='lat' dir='ltr'><strong>sed</strong></span> <span class='ocrx_word' id='word_1_176' title='bbox 330 2314 425 2359; x_wconf 75' lang='grc' dir='ltr'><strong>ςΙὸ</strong></span> <span class='ocrx_word' id='word_1_177' title='bbox 448 2313 570 2348; x_wconf 67' lang='lat' dir='ltr'><strong>Docta</strong></span> <span class='ocrx_word' id='word_1_178' title='bbox 592 2315 676 2348; x_wconf 76' lang='lat' dir='ltr'><strong>etr</strong></span> <span class='ocrx_word' id='word_1_179' title='bbox 701 2315 734 2348; x_wconf 80' lang='lat' dir='ltr'><strong>et</strong></span> <span class='ocrx_word' id='word_1_180' title='bbox 761 2315 788 2346; x_wconf 78' lang='lat' dir='ltr'>V</span> <span class='ocrx_word' id='word_1_181' title='bbox 812 2324 879 2358; x_wconf 74' lang='lat' dir='ltr'><strong>my.</strong></span> <span class='ocrx_word' id='word_1_182' title='bbox 905 2324 951 2347; x_wconf 88' lang='lat' dir='ltr'><strong>m.</strong></span> <span class='ocrx_word' id='word_1_183' title='bbox 976 2315 1021 2357; x_wconf 81' lang='lat'><strong>2,</strong></span> <span class='ocrx_word' id='word_1_184' title='bbox 1045 2315 1094 2347; x_wconf 76' lang='lat'><strong>11:</strong></span> <span class='ocrx_word' id='word_1_185' title='bbox 1126 2312 1246 2349; x_wconf 81' lang='lat' dir='ltr'><strong>Nocte</strong></span> <span class='ocrx_word' id='word_1_186' title='bbox 1270 2317 1349 2348; x_wconf 74' lang='lat' dir='ltr'><strong>DV</strong></span> <span class='ocrx_word' id='word_1_187' title='bbox 1372 2314 1495 2350; x_wconf 82' lang='lat' dir='ltr'><strong>Nocte</strong></span> <span class='ocrx_word' id='word_1_188' title='bbox 1519 2316 1684 2361; x_wconf 73' lang='lat' dir='ltr'><strong>Flypo-</strong></span> 
     </span>
     <span class='ocr_line' id='line_1_30' title="bbox 156 2370 1684 2419; baseline 0.001 -10"><span class='ocrx_word' id='word_1_189' title='bbox 156 2373 269 2409; x_wconf 64' lang='lat' dir='ltr'><strong>litum</strong></span> <span class='ocrx_word' id='word_1_190' title='bbox 290 2370 549 2417; x_wconf 61' lang='lat' dir='ltr'><strong>Pulmolire</strong></span> <span class='ocrx_word' id='word_1_191' title='bbox 572 2373 669 2416; x_wconf 77' lang='lat' dir='ltr'><strong>D‚V</strong></span> <span class='ocrx_word' id='word_1_192' title='bbox 692 2382 737 2406; x_wconf 83' lang='lat' dir='ltr'><strong>m.</strong></span> <span class='ocrx_word' id='word_1_193' title='bbox 763 2371 857 2416; x_wconf 83' lang='grc'><strong>116</strong></span> <span class='ocrx_word' id='word_1_194' title='bbox 881 2371 990 2406; x_wconf 87' lang='lat' dir='ltr'><strong>thoro</strong></span> <span class='ocrx_word' id='word_1_195' title='bbox 1013 2373 1162 2417; x_wconf 71' lang='grc' dir='ltr'><strong>ἙΠΙΊ</strong></span> <span class='ocrx_word' id='word_1_196' title='bbox 1186 2372 1374 2418; x_wconf 70' lang='lat' dir='ltr'><strong>Penelope</strong></span> <span class='ocrx_word' id='word_1_197' title='bbox 1399 2375 1459 2419; x_wconf 65' lang='lat' dir='ltr'><strong>Pu</strong></span> <span class='ocrx_word' id='word_1_198' title='bbox 1484 2377 1506 2409; x_wconf 90' lang='lat'>8</span> <span class='ocrx_word' id='word_1_199' title='bbox 1530 2374 1684 2410; x_wconf 80' lang='lat' dir='ltr'><strong>antinoo</strong></span> 
     </span>
     <span class='ocr_line' id='line_1_31' title="bbox 158 2431 1682 2478; baseline 0.001 -10"><span class='ocrx_word' id='word_1_200' title='bbox 158 2436 205 2478; x_wconf 69' lang='lat' dir='ltr'><strong>r,</strong></span> <span class='ocrx_word' id='word_1_201' title='bbox 228 2443 321 2468; x_wconf 74' lang='lat' dir='ltr'><strong>corr.</strong></span> <span class='ocrx_word' id='word_1_202' title='bbox 344 2443 414 2478; x_wconf 75' lang='lat' dir='ltr'><strong>my.</strong></span> <span class='ocrx_word' id='word_1_203' title='bbox 439 2442 486 2466; x_wconf 87' lang='lat' dir='ltr'><strong>m.</strong></span> <span class='ocrx_word' id='word_1_204' title='bbox 511 2434 538 2467; x_wconf 82' lang='lat'><strong><em>2</em></strong></span> <span class='ocrx_word' id='word_1_205' title='bbox 562 2431 726 2476; x_wconf 83' lang='lat' dir='ltr'><strong>antynoo</strong></span> <span class='ocrx_word' id='word_1_206' title='bbox 750 2433 783 2464; x_wconf 77' lang='lat'><strong>11</strong></span> <span class='ocrx_word' id='word_1_207' title='bbox 816 2432 831 2476; x_wconf 86' lang='grc' dir='ltr'>Ι</span> <span class='ocrx_word' id='word_1_208' title='bbox 865 2434 982 2466; x_wconf 78' lang='grc'><strong>9-12</strong></span> <span class='ocrx_word' id='word_1_209' title='bbox 1005 2432 1152 2476; x_wconf 77' lang='lat' dir='ltr'><strong>spurios</strong></span> <span class='ocrx_word' id='word_1_210' title='bbox 1164 2432 1284 2476; x_wconf 77' lang='lat' dir='ltr'><strong>&#39;putat</strong></span> <span class='ocrx_word' id='word_1_211' title='bbox 1306 2432 1585 2469; x_wconf 72' lang='lat' dir='ltr'><strong>Luetiohannus</strong></span> <span class='ocrx_word' id='word_1_212' title='bbox 1613 2434 1627 2478; x_wconf 91' lang='grc' dir='ltr'>Ι</span> <span class='ocrx_word' id='word_1_213' title='bbox 1660 2437 1682 2468; x_wconf 81' lang='grc'><strong>9</strong></span> 
     </span>
     <span class='ocr_line' id='line_1_32' title="bbox 158 2489 1684 2538; baseline -0.001 -10"><span class='ocrx_word' id='word_1_214' title='bbox 158 2492 308 2538; x_wconf 70' lang='lat' dir='ltr'><strong>poterat</strong></span> <span class='ocrx_word' id='word_1_215' title='bbox 330 2490 553 2527; x_wconf 65' lang='lat' dir='ltr'><strong>Fonteium</strong></span> <span class='ocrx_word' id='word_1_216' title='bbox 575 2489 700 2536; x_wconf 82' lang='lat' dir='ltr'><strong>potuit</strong></span> <span class='ocrx_word' id='word_1_217' title='bbox 722 2500 785 2535; x_wconf 73' lang='lat'><strong>⁶9⁰</strong></span> <span class='ocrx_word' id='word_1_218' title='bbox 822 2490 830 2534; x_wconf 92' lang='grc'>1</span> <span class='ocrx_word' id='word_1_219' title='bbox 867 2500 1022 2535; x_wconf 88' lang='lat' dir='ltr'><strong>magnes</strong></span> <span class='ocrx_word' id='word_1_220' title='bbox 1045 2490 1220 2526; x_wconf 79' lang='lat' dir='ltr'><strong>inducere</strong></span> <span class='ocrx_word' id='word_1_221' title='bbox 1238 2494 1266 2524; x_wconf 76' lang='lat' dir='ltr'><strong>r</strong></span> <span class='ocrx_word' id='word_1_222' title='bbox 1284 2503 1331 2527; x_wconf 89' lang='lat' dir='ltr'><strong>m.</strong></span> <span class='ocrx_word' id='word_1_223' title='bbox 1349 2495 1372 2527; x_wconf 88' lang='lat'><strong><em>1</em></strong></span> <span class='ocrx_word' id='word_1_224' title='bbox 1409 2493 1423 2537; x_wconf 88' lang='grc' dir='ltr'>Ι</span> <span class='ocrx_word' id='word_1_225' title='bbox 1461 2496 1505 2526; x_wconf 90' lang='grc'><strong>10</strong></span> <span class='ocrx_word' id='word_1_226' title='bbox 1529 2493 1684 2536; x_wconf 82' lang='lat' dir='ltr'><strong>fortasse</strong></span> 
     </span>
     <span class='ocr_line' id='line_1_33' title="bbox 161 2549 1683 2597; baseline 0 -10"><span class='ocrx_word' id='word_1_227' title='bbox 161 2549 259 2594; x_wconf 81' lang='lat' dir='ltr'><strong>Quin</strong></span> <span class='ocrx_word' id='word_1_228' title='bbox 280 2554 316 2587; x_wconf 67' lang='lat' dir='ltr'><strong><em>d</em></strong></span> <span class='ocrx_word' id='word_1_229' title='bbox 338 2549 459 2586; x_wconf 84' lang='lat' dir='ltr'><strong>mouit</strong></span> <span class='ocrx_word' id='word_1_230' title='bbox 482 2550 526 2585; x_wconf 87' lang='lat' dir='ltr'><strong>ut</strong></span> <span class='ocrx_word' id='word_1_231' title='bbox 562 2550 569 2594; x_wconf 91' lang='grc' dir='ltr'>Ι</span> <span class='ocrx_word' id='word_1_232' title='bbox 607 2549 757 2584; x_wconf 80' lang='lat' dir='ltr'><strong>umbras</strong></span> <span class='ocrx_word' id='word_1_233' title='bbox 780 2549 959 2585; x_wconf 73' lang='lat' dir='ltr'><strong>Heinsius</strong></span> <span class='ocrx_word' id='word_1_234' title='bbox 998 2551 1012 2595; x_wconf 82' lang='grc' dir='ltr'>Ι</span> <span class='ocrx_word' id='word_1_235' title='bbox 1055 2554 1098 2585; x_wconf 63' lang='lat'><strong>12</strong></span> <span class='ocrx_word' id='word_1_236' title='bbox 1127 2553 1339 2596; x_wconf 46' lang='lat' dir='ltr'><strong>corruptum</strong></span> <span class='ocrx_word' id='word_1_237' title='bbox 1365 2550 1579 2597; x_wconf 81' lang='lat' dir='ltr'><strong>Stagnaque</strong></span> <span class='ocrx_word' id='word_1_238' title='bbox 1604 2552 1683 2587; x_wconf 83' lang='lat' dir='ltr'><strong>edd.</strong></span> 
     </span>
     <span class='ocr_line' id='line_1_34' title="bbox 158 2607 1686 2656; baseline -0.001 -10"><span class='ocrx_word' id='word_1_239' title='bbox 158 2610 302 2656; x_wconf 63' lang='lat' dir='ltr'><strong>priseae</strong></span> <span class='ocrx_word' id='word_1_240' title='bbox 326 2609 468 2655; x_wconf 80' lang='lat' dir='ltr'><strong>Stagna</strong></span> <span class='ocrx_word' id='word_1_241' title='bbox 491 2619 515 2644; x_wconf 80' lang='lat' dir='ltr'><strong>a.</strong></span> <span class='ocrx_word' id='word_1_242' title='bbox 533 2619 627 2644; x_wconf 81' lang='lat' dir='ltr'><strong>eurr.</strong></span> <span class='ocrx_word' id='word_1_243' title='bbox 645 2607 890 2644; x_wconf 71' lang='lat' dir='ltr'><strong>Burmannus</strong></span> <span class='ocrx_word' id='word_1_244' title='bbox 907 2608 1006 2644; x_wconf 77' lang='lat' dir='ltr'><strong>Saxa</strong></span> <span class='ocrx_word' id='word_1_245' title='bbox 1027 2609 1068 2644; x_wconf 88' lang='lat' dir='ltr'><strong>in</strong></span> <span class='ocrx_word' id='word_1_246' title='bbox 1091 2610 1281 2645; x_wconf 71' lang='lat' dir='ltr'><strong>currentes</strong></span> <span class='ocrx_word' id='word_1_247' title='bbox 1300 2609 1550 2645; x_wconf 79' lang='lat' dir='ltr'><strong>dissoluentur</strong></span> <span class='ocrx_word' id='word_1_248' title='bbox 1567 2622 1686 2654; x_wconf 82' lang='lat' dir='ltr'><strong>aquas</strong></span> 
     </span>
     <span class='ocr_line' id='line_1_35' title="bbox 161 2667 1685 2714; baseline -0.001 -9"><span class='ocrx_word' id='word_1_249' title='bbox 161 2669 357 2714; x_wconf 66' lang='lat' dir='ltr'><strong>Heinsius,</strong></span> <span class='ocrx_word' id='word_1_250' title='bbox 393 2668 459 2714; x_wconf 72' lang='lat' dir='ltr'><strong>qui</strong></span> <span class='ocrx_word' id='word_1_251' title='bbox 494 2671 528 2703; x_wconf 79' lang='lat' dir='ltr'><strong>et</strong></span> <span class='ocrx_word' id='word_1_252' title='bbox 562 2667 704 2713; x_wconf 66' lang='lat' dir='ltr'><strong>Stagna</strong></span> <span class='ocrx_word' id='word_1_253' title='bbox 734 2668 774 2703; x_wconf 85' lang='lat' dir='ltr'><strong>et</strong></span> <span class='ocrx_word' id='word_1_254' title='bbox 803 2678 835 2703; x_wconf 83' lang='lat' dir='ltr'><strong>e.</strong></span> <span class='ocrx_word' id='word_1_255' title='bbox 870 2667 1090 2704; x_wconf 71' lang='lat' dir='ltr'><strong>deficiantur</strong></span> <span class='ocrx_word' id='word_1_256' title='bbox 1114 2679 1147 2705; x_wconf 88' lang='lat' dir='ltr'><strong>a.</strong></span> <span class='ocrx_word' id='word_1_257' title='bbox 1192 2670 1198 2714; x_wconf 93' lang='grc'>1</span> <span class='ocrx_word' id='word_1_258' title='bbox 1244 2668 1477 2704; x_wconf 85' lang='lat' dir='ltr'><strong>diruerentur</strong></span> <span class='ocrx_word' id='word_1_259' title='bbox 1496 2672 1685 2714; x_wconf 78' lang='lat' dir='ltr'><strong>praeterea</strong></span> 
     </span>
     <span class='ocr_line' id='line_1_36' title="bbox 159 2725 1683 2774; baseline -0.002 -10"><span class='ocrx_word' id='word_1_260' title='bbox 159 2728 403 2764; x_wconf 62' lang='lat' dir='ltr'><strong>Rama-mas</strong></span> <span class='ocrx_word' id='word_1_261' title='bbox 419 2728 433 2772; x_wconf 89' lang='grc' dir='ltr'>Ι</span> <span class='ocrx_word' id='word_1_262' title='bbox 452 2730 496 2762; x_wconf 84' lang='grc'><strong>13</strong></span> <span class='ocrx_word' id='word_1_263' title='bbox 521 2727 671 2774; x_wconf 65' lang='lat' dir='ltr'><strong>eantare</strong></span> <span class='ocrx_word' id='word_1_264' title='bbox 695 2729 728 2760; x_wconf 71' lang='grc' dir='ltr'>Π</span> <span class='ocrx_word' id='word_1_265' title='bbox 748 2728 755 2771; x_wconf 66' lang='grc' dir='ltr'>ξ</span> <span class='ocrx_word' id='word_1_266' title='bbox 779 2725 971 2772; x_wconf 86' lang='lat' dir='ltr'><strong>imponere</strong></span> <span class='ocrx_word' id='word_1_267' title='bbox 995 2732 1024 2761; x_wconf 81' lang='grc'><strong>1)</strong></span> <span class='ocrx_word' id='word_1_268' title='bbox 1042 2730 1074 2761; x_wconf 76' lang='lat' dir='ltr'><strong>V</strong></span> <span class='ocrx_word' id='word_1_269' title='bbox 1096 2728 1107 2771; x_wconf 49' lang='grc' dir='ltr'><strong>ᾗ</strong></span> <span class='ocrx_word' id='word_1_270' title='bbox 1135 2732 1179 2763; x_wconf 90' lang='lat'><strong>15</strong></span> <span class='ocrx_word' id='word_1_271' title='bbox 1204 2728 1328 2764; x_wconf 79' lang='lat' dir='ltr'><strong>Possit</strong></span> <span class='ocrx_word' id='word_1_272' title='bbox 1350 2730 1394 2763; x_wconf 86' lang='lat' dir='ltr'><strong>ut</strong></span> <span class='ocrx_word' id='word_1_273' title='bbox 1418 2739 1440 2766; x_wconf 88' lang='grc' dir='ltr'><strong><em>ς</em></strong></span> <span class='ocrx_word' id='word_1_274' title='bbox 1461 2729 1467 2773; x_wconf 91' lang='grc' dir='ltr'>Ι</span> <span class='ocrx_word' id='word_1_275' title='bbox 1489 2728 1599 2762; x_wconf 81' lang='lat' dir='ltr'><strong>hastu</strong></span> <span class='ocrx_word' id='word_1_276' title='bbox 1622 2731 1650 2761; x_wconf 62' lang='grc' dir='ltr'><strong>1Ρ</strong></span> <span class='ocrx_word' id='word_1_277' title='bbox 1672 2728 1683 2773; x_wconf 66' lang='lat'><strong>2}</strong></span> 
     </span>
     <span class='ocr_line' id='line_1_37' title="bbox 161 2786 1681 2833; baseline -0.002 -10"><span class='ocrx_word' id='word_1_278' title='bbox 161 2788 258 2823; x_wconf 75' lang='lat' dir='ltr'><strong>inter</strong></span> <span class='ocrx_word' id='word_1_279' title='bbox 282 2790 328 2822; x_wconf 85' lang='lat'><strong>15</strong></span> <span class='ocrx_word' id='word_1_280' title='bbox 351 2789 386 2822; x_wconf 73' lang='lat' dir='ltr'><strong><em>d</em></strong></span> <span class='ocrx_word' id='word_1_281' title='bbox 411 2790 455 2822; x_wconf 82' lang='lat'><strong>16</strong></span> <span class='ocrx_word' id='word_1_282' title='bbox 480 2786 623 2831; x_wconf 76' lang='lat' dir='ltr'><strong>aliquid</strong></span> <span class='ocrx_word' id='word_1_283' title='bbox 646 2786 869 2821; x_wconf 72' lang='lat' dir='ltr'><strong>intercidisse</strong></span> <span class='ocrx_word' id='word_1_284' title='bbox 888 2789 981 2831; x_wconf 77' lang='lat' dir='ltr'><strong>puto</strong></span> <span class='ocrx_word' id='word_1_285' title='bbox 1021 2788 1034 2832; x_wconf 70' lang='lat' dir='ltr'>u</span> <span class='ocrx_word' id='word_1_286' title='bbox 1077 2791 1121 2822; x_wconf 81' lang='lat'><strong>16</strong></span> <span class='ocrx_word' id='word_1_287' title='bbox 1163 2786 1306 2823; x_wconf 88' lang='lat' dir='ltr'><strong>immer.</strong></span> <span class='ocrx_word' id='word_1_288' title='bbox 1331 2791 1361 2820; x_wconf 78' lang='lat'><strong>1)</strong></span> <span class='ocrx_word' id='word_1_289' title='bbox 1380 2790 1410 2819; x_wconf 81' lang='lat' dir='ltr'><strong>V</strong></span> <span class='ocrx_word' id='word_1_290' title='bbox 1434 2786 1473 2820; x_wconf 91' lang='lat' dir='ltr'><strong>in</strong></span> <span class='ocrx_word' id='word_1_291' title='bbox 1497 2797 1587 2821; x_wconf 89' lang='lat' dir='ltr'><strong>mer.</strong></span> <span class='ocrx_word' id='word_1_292' title='bbox 1611 2790 1639 2820; x_wconf 75' lang='lat' dir='ltr'>F</span> <span class='ocrx_word' id='word_1_293' title='bbox 1675 2786 1681 2833; x_wconf 71' lang='grc' dir='ltr'>Ι</span> 
     </span>
     <span class='ocr_line' id='line_1_38' title="bbox 162 2842 1685 2893; baseline -0.001 -13"><span class='ocrx_word' id='word_1_294' title='bbox 162 2845 262 2881; x_wconf 82' lang='lat' dir='ltr'><strong>eruit</strong></span> <span class='ocrx_word' id='word_1_295' title='bbox 282 2845 323 2880; x_wconf 84' lang='lat' dir='ltr'><strong>in</strong></span> <span class='ocrx_word' id='word_1_296' title='bbox 343 2844 431 2891; x_wconf 82' lang='lat' dir='ltr'><strong>igne</strong></span> <span class='ocrx_word' id='word_1_297' title='bbox 455 2848 484 2879; x_wconf 74' lang='lat' dir='ltr'>r</span> <span class='ocrx_word' id='word_1_298' title='bbox 510 2846 524 2890; x_wconf 84' lang='grc' dir='ltr'>Ι</span> <span class='ocrx_word' id='word_1_299' title='bbox 550 2847 592 2879; x_wconf 92' lang='grc'><strong>18</strong></span> <span class='ocrx_word' id='word_1_300' title='bbox 617 2843 871 2890; x_wconf 72' lang='lat' dir='ltr'><strong>Hippomanes</strong></span> <span class='ocrx_word' id='word_1_301' title='bbox 896 2846 934 2891; x_wconf 78' lang='lat' dir='ltr'><strong>(a</strong></span> <span class='ocrx_word' id='word_1_302' title='bbox 956 2846 999 2881; x_wconf 77' lang='lat' dir='ltr'><strong>in</strong></span> <span class='ocrx_word' id='word_1_303' title='bbox 1023 2842 1098 2882; x_wconf 65' lang='lat' dir='ltr'><strong>ras.</strong></span> <span class='ocrx_word' id='word_1_304' title='bbox 1119 2857 1166 2882; x_wconf 81' lang='lat' dir='ltr'><strong>m.</strong></span> <span class='ocrx_word' id='word_1_305' title='bbox 1184 2848 1226 2892; x_wconf 78' lang='lat'><strong>2)</strong></span> <span class='ocrx_word' id='word_1_306' title='bbox 1250 2848 1297 2881; x_wconf 74' lang='lat' dir='ltr'><strong>V:</strong></span> <span class='ocrx_word' id='word_1_307' title='bbox 1322 2845 1518 2891; x_wconf 82' lang='lat' dir='ltr'><strong>Ipomanes</strong></span> <span class='ocrx_word' id='word_1_308' title='bbox 1541 2848 1569 2878; x_wconf 73' lang='lat'><strong>1²</strong></span> <span class='ocrx_word' id='word_1_309' title='bbox 1593 2844 1685 2893; x_wconf 85' lang='lat' dir='ltr'><strong>Hip-</strong></span> 
     </span>
     <span class='ocr_line' id='line_1_39' title="bbox 162 2903 823 2954; baseline -0.002 -14"><span class='ocrx_word' id='word_1_310' title='bbox 162 2915 339 2950; x_wconf 77' lang='lat' dir='ltr'><strong>pomenes</strong></span> <span class='ocrx_word' id='word_1_311' title='bbox 361 2908 391 2939; x_wconf 79' lang='lat'><strong>1&gt;</strong></span> <span class='ocrx_word' id='word_1_312' title='bbox 410 2906 442 2938; x_wconf 75' lang='lat'><strong>11</strong></span> <span class='ocrx_word' id='word_1_313' title='bbox 462 2906 469 2950; x_wconf 73' lang='grc' dir='ltr'><strong>ι</strong></span> <span class='ocrx_word' id='word_1_314' title='bbox 489 2904 614 2942; x_wconf 80' lang='lat' dir='ltr'><strong>foetae</strong></span> <span class='ocrx_word' id='word_1_315' title='bbox 637 2908 667 2939; x_wconf 73' lang='grc' dir='ltr'><strong>Ι)</strong></span> <span class='ocrx_word' id='word_1_316' title='bbox 691 2903 767 2954; x_wconf 64' lang='lat' dir='ltr'><strong>febe</strong></span> <span class='ocrx_word' id='word_1_317' title='bbox 790 2907 823 2939; x_wconf 71' lang='grc' dir='ltr'>Π</span> 
     </span>
    </p>
   </div>
  </div>
 </body>
</html>
