1898 3190
219 140 302 186 186
706 147 966 186 PROPERTII
991 151 1082 189 LIB.
1108 151 1170 190 IV.
1197 157 1229 190 8.

389 255 449 300 Et
479 274 576 301 mea
605 274 811 314 peruersa
842 261 1008 304 sauciat
1039 277 1115 305 ora
1145 278 1296 319 manu,

273 338 317 368 65
331 327 590 385 Inponitque
619 333 768 374 notam
801 333 912 375 collo
945 348 1175 389 morsuque
1206 337 1422 390 cruentat,

390 399 707 459 Praecipueque
740 404 902 459 oculos,
934 405 1006 460 qui
1037 419 1246 460 meruere,
1277 405 1389 447 ferit.

330 471 473 527 Atque
506 472 580 514 ubi
610 473 698 515 iam
727 475 889 517 nostris
922 474 1106 518 lassauit
1136 475 1314 518 brachia
1343 475 1504 532 plagis,

388 541 636 599 Lygdamus
669 544 724 587 ad
753 545 890 600 plutei
921 545 1059 588 fulcra
1091 546 1268 589 sinistra
1298 546 1439 588 latens

328 611 525 670 Eruitur,
556 615 815 672 geniumque
847 630 988 659 meum
1019 619 1265 672 protractus
1297 618 1461 661 adorat.

273 693 316 728 70
390 685 629 742 Lygdame,
660 687 722 728 nil
753 688 893 743 potui:
925 691 1068 731 tecum
1100 703 1180 745 ego
1212 691 1364 744 captus
1396 703 1526 731 eram.

331 755 606 811 Supplicibus
636 758 793 812 palmis
825 761 916 801 tum
949 760 1120 802 demum
1153 760 1206 802 ad
1236 760 1410 802 foedera
1440 759 1558 815 ueni,

390 826 470 868 Oui
502 827 575 869 uix
606 829 846 884 tangendos
878 831 1079 885 praebuit
1108 831 1184 873 illa
1214 831 1363 886 pedes,

328 898 471 954 Atque
505 899 567 941 ait
598 898 826 942 ‘admissae
858 902 896 943 si
927 902 994 944 uis
1026 917 1094 944 me
1125 902 1347 957 ignoscere
1379 902 1548 956 culpae,

388 969 564 1025 Accipe,
595 986 704 1026 quae
735 975 911 1015 nostrae
942 973 1131 1016 formula
1161 973 1270 1028 legis
1304 974 1394 1016 erit.

271 1051 314 1082 75
329 1039 394 1082 Tu
424 1055 562 1096 neque
593 1041 801 1097 Pompeia
833 1044 1077 1098 spatiabere
1109 1044 1248 1086 cultus
1280 1044 1326 1086 in
1355 1044 1526 1097 umbra,

386 1111 478 1154 Nec
509 1127 606 1154 cum
637 1114 850 1156 lasciuum
881 1117 1046 1157 sternet
1076 1115 1239 1157 harena
1269 1115 1423 1158 forum.

331 1182 455 1226 Colla
487 1198 589 1226 caue
620 1186 815 1228 infle'ctas
849 1186 902 1228 ad
934 1201 1146 1228 summum
1179 1186 1355 1241 obliqua
1385 1185 1603 1228 theatrum

387 1254 476 1297 Aut
506 1256 661 1298 lectica
690 1259 791 1298 tuae
823 1272 868 1299 se
900 1258 971 1299 det
1003 1260 1154 1312 aperta
1184 1271 1341 1300 morae.

329 1326 575 1383 Lygdamus
607 1329 654 1370 in
684 1329 854 1383 primis,
887 1329 1026 1371 omnis
1058 1329 1167 1370 mihi
1198 1343 1327 1370 causa
1358 1327 1590 1383 querellae,

270 1410 315 1442 80
389 1398 559 1441 Veneat
590 1401 634 1441 et
663 1399 843 1453 pedibus
875 1400 1048 1442 uincula
1079 1400 1182 1442 bina
1212 1398 1387 1441 trahat?

328 1470 489 1512 Indixit
519 1471 649 1526 leges.
679 1471 883 1525 respondi
915 1485 995 1526 ego
1029 1470 1211 1527 ‘legibus
1243 1469 1371 1512 utar'.

389 1541 504 1583 Risit
535 1544 580 1583 at
610 1541 792 1596 imperio
824 1542 940 1584 facta
971 1542 1156 1597 superba
1186 1542 1299 1584 dato.

330 1612 456 1668 Dein,
488 1627 796 1668 quemcumque
828 1614 970 1656 locum
1002 1615 1202 1655 externae
1232 1613 1413 1670 tetigere
1444 1612 1626 1668 puellae,

389 1683 531 1727 Suffiit
563 1699 612 1727 30
642 1699 753 1739 pura
783 1685 936 1727 limina
966 1685 1100 1740 tergit
1131 1699 1260 1740 aqua,
1386 1684 1391 1689 ⁴

270 1766 315 1798 85
329 1755 521 1810 Imperat
551 1758 595 1797 et
623 1757 740 1798 totas
771 1756 928 1798 iterum
959 1758 1125 1798 mutare
1154 1756 1366 1810 lacernas,

305 1944 397 1979 Vm.
422 1956 521 1980 mor.
573 1948 617 1979 64
644 1943 783 1979 sautiat
805 1948 832 1977 F
884 1948 927 1979 65
953 1943 1031 1988 Inp.
1058 1946 1105 1978 N:
1132 1944 1222 1988 Imp.
1250 1946 1274 1977 0
1299 1945 1302 1989 Ι
1324 1942 1422 1978 00113
1444 1943 1569 1988 171167
1594 1942 1647 1978 1111
1669 1947 1698 1977 Β
1727 1942 1732 1990 1

209 2003 363 2037 brachia
381 2007 428 2038 N:
447 2003 623 2038 bracchia
643 2006 667 2037 0
686 2004 699 2047 ΙΙ
718 2008 762 2039 68
781 2003 900 2038 fulcra
917 2003 1138 2038 Beroaldus:
1159 2002 1263 2037 fusca
1282 2005 1307 2036 0
1326 2003 1339 2046 ΙΙ
1358 2006 1413 2044 71,
1434 2006 1491 2047 69,
1510 2005 1556 2037 70
1567 2003 1679 2047 ponit
1695 2005 1735 2048 r,

208 2063 271 2097 sed
289 2063 419 2098 litteris
438 2074 460 2097 a
472 2063 497 2097 b
512 2074 531 2098 0
551 2063 729 2108 appositis
747 2073 856 2097 uerus
875 2063 963 2098 ordo
982 2063 1170 2097 restitutus
1186 2062 1199 2106 ΙΙ
1218 2065 1262 2096 69
1281 2061 1433 2095 Eruitur
1452 2064 1495 2095 0:
1519 2061 1677 2096 Exuitur
1693 2065 1735 2107 V,

209 2122 271 2156 sed
295 2125 337 2156 ut
354 2134 378 2156 x
396 2122 438 2156 in
463 2133 536 2157 ras.
562 2123 610 2157 sit
631 2123 636 2166 1
658 2132 730 2166 que
750 2133 817 2157 om.
836 2125 881 2165 F,
908 2122 994 2156 add.
1018 2132 1052 2155 m
1083 2124 1109 2157 2
1132 2122 1137 2165 1
1158 2122 1369 2166 protractus
1389 2123 1432 2154 0:
1457 2121 1664 2165 prostratus
1683 2130 1705 2158 ς
1722 2120 1735 2167 ΙΙ

211 2184 253 2215 71
281 2181 500 2216 tundemum
525 2185 553 2214 F
575 2183 579 2225 Ι
601 2181 688 2216 110111
714 2191 752 2218 ςε
778 2180 882 2216 uenit
907 2183 931 2214 0
958 2181 1080 2224 (etiam
1104 2176 1153 2224 H,
1185 2180 1289 2215 euius
1313 2190 1438 2224 maryo
1461 2180 1520 2214 hic
1544 2179 1735 2224 abscissus,

209 2240 266 2274 ita
289 2240 457 2276 habuisse
475 2252 642 2285 paruum
666 2241 766 2275 adest
789 2241 948 2284 siynum)
984 2240 997 2284 ΙΙ
1035 2243 1078 2274 72
1105 2239 1173 2274 Cui
1197 2244 1225 2273 1)
1245 2242 1292 2274 V:
1319 2238 1392 2273 Cur
1415 2242 1443 2272 F
1469 2237 1561 2273 Cum
1585 2242 1617 2273 Π
1645 2239 1659 2284 ΙΙ
1690 2243 1734 2275 73

204 2302 291 2343 post
314 2298 371 2333 uis
396 2310 468 2335 ras.
495 2302 521 2335 2
547 2300 615 2335 litt.
641 2302 668 2332 F
691 2300 696 2343 Ι
718 2309 941 2344 cognoscere
965 2302 993 2332 F
1018 2310 1062 2333 m.
1089 2302 1109 2333 1
1141 2299 1153 2343 ΙΙ
1185 2302 1228 2333 75
1254 2297 1415 2343 ponpeia
1437 2300 1476 2331 R—
1505 2298 1518 2343 ΙΙ
1555 2301 1598 2333 76
1623 2309 1735 2334 arena

212 2361 240 2390 F
257 2361 290 2391 N
311 2359 316 2402 Ι
337 2358 463 2393 focum
487 2362 515 2392 F
539 2371 585 2394 m.
612 2362 632 2393 1
652 2359 665 2403 ΙΙ
685 2362 728 2392 77
755 2368 902 2405 sumum
925 2361 954 2391 Β
973 2360 1003 2391 V
1025 2360 1030 2401 Ι
1053 2357 1244 2401 obliquare
1267 2358 1429 2392 teatrum
1453 2357 1512 2402 ἙΙΙ
1538 2359 1582 2391 78
1607 2367 1646 2392 se
1670 2356 1735 2392 det

212 2416 393 2452 Gruterus
417 2420 451 2452 et
474 2417 670 2452 Heinsius:
709 2415 816 2450 sudet
841 2418 866 2449 0
898 2416 1019 2460 (etiam
1044 2418 1089 2460 N)
1116 2415 1214 2451 sidat
1238 2415 1442 2450 Palmerius
1465 2415 1582 2450 nudet
1604 2417 1735 2461 operta

210 2475 262 2511 H.
288 2477 334 2511 A.
360 2476 526 2511 Kochius
547 2478 553 2520 1
575 2476 705 2520 operta
729 2477 759 2508 V
783 2486 828 2509 m.
855 2477 881 2510 2
911 2475 924 2519 ΙΙ
955 2478 998 2509 79
1024 2473 1188 2522 querelle
1213 2477 1264 2508 R:
1290 2473 1493 2519 querel(a)e
1518 2475 1639 2519 01180
1663 2474 1734 2510 Ve-

211 2533 311 2570 nerit
333 2539 381 2580 1),
407 2537 438 2568 V
461 2547 506 2570 m.
533 2538 553 2570 1
581 2535 759 2579 (Venerat
782 2545 827 2568 m.
854 2536 894 2578 2)
913 2534 925 2578 ΙΙ
944 2537 988 2568 81
1014 2533 1116 2578 leges
1142 2543 1180 2570 ςε
1206 2533 1329 2577 legem
1349 2535 1391 2576 0,
1415 2543 1486 2577 quo
1509 2536 1654 2568 seruato
1673 2534 1733 2578 (ef.

211 2607 247 2630 u.
274 2596 334 2639 74)
359 2594 483 2629 malim
508 2594 594 2639 lege
618 2593 774 2628 ‘tenebor
796 2594 801 2637 Ι
822 2592 1015 2638 respondi]
1042 2591 1120 2626 dixi
1143 2595 1170 2625 F
1189 2592 1265 2636 [182
1290 2591 1388 2626 Risit
1410 2592 1451 2626 at
1475 2591 1731 2627 Burmannus:

211 2654 358 2689 Riserat
382 2655 407 2686 0
429 2654 435 2697 l
457 2652 538 2687 rato
564 2652 743 2687 Heinsius
761 2653 773 2696 ΙΙ
792 2656 835 2687 83
862 2652 917 2686 Ve
942 2650 981 2685 in
1004 2654 1032 2684 F
1052 2650 1098 2695 (D
1123 2662 1239 2695 supra
1262 2650 1296 2684 V
1319 2661 1365 2684 m.
1385 2651 1426 2695 2)
1450 2650 1507 2686 Ve
1533 2653 1611 2695 (om.
1630 2650 1732 2695 in)1)

210 2713 306 2749 Dein
331 2711 378 2758 (D
403 2723 448 2747 ex
471 2713 578 2754 corr.)
603 2712 728 2755 V1184
760 2710 884 2746 Suffiit
907 2721 951 2745 ac
975 2701 1019 2755 Ρ(
1037 2710 1184 2754 scripsi:
1211 2708 1367 2743 Sufficat
1390 2721 1427 2753 p.
1451 2712 1523 2743 ΕΠ
1548 2708 1732 2752 (Sufficiat

210 2776 241 2806 V
259 2783 328 2817 my.
347 2782 393 2806 m.
414 2771 454 2815 2)
475 2769 640 2805 Suffocat
665 2771 703 2804 et
726 2782 761 2815 p.
787 2774 816 2803 Β
834 2772 865 2802 V
891 2769 1000 2803 Suffit
1025 2769 1063 2803 et
1087 2780 1110 2803 3
1134 2780 1169 2813 p.
1197 2769 1292 2802 Itali
1316 2767 1440 2802 Suffiit
1462 2769 1503 2803 at
1526 2780 1562 2813 p.
1581 2767 1732 2803 Beroal-

211 2833 280 2868 dus
299 2830 422 2866 Suffiit
442 2830 480 2864 et
506 2841 543 2874 p.
556 2827 735 2864 Heinsius
756 2830 762 2873 1
782 2828 926 2863 1111111113
949 2832 994 2872 Ε,
1020 2839 1111 2865 corr.
1136 2838 1205 2875 mq.
1230 2839 1276 2862 m.
1301 2830 1327 2863 2
1345 2827 1359 2872 ΙΙ
1377 2830 1421 2862 85
1446 2826 1614 2861 lacernas
1635 2830 1666 2861 Β
1685 2828 1728 2861 V:

210 2892 374 2931 laternas
399 2893 426 2923 F
451 2889 620 2924 lucernas
645 2891 676 2922 N
