1936 3216
734 169 1114 208 PROLEGOMENA.
1623 166 1692 201 XV

155 297 308 327 uersos
338 281 493 339 quibus
524 280 744 336 corruptio
773 279 935 322 inuasit
965 277 1126 334 gradus
1157 278 1377 331 accurate,
1406 275 1454 317 in
1483 276 1692 330 quantum

158 354 253 396 fieri
281 355 441 409 potest,
473 351 694 394 dinoscere
722 365 810 394 non
839 351 1018 406 paulum
1048 348 1235 404 prodest.

282 422 466 466 Videtur
509 422 615 465 olim
659 422 750 465 siue
793 421 1052 476 antiquitate
1100 421 1281 462 exeunte
1334 418 1426 460 siue
1474 418 1520 459 in
1562 416 1692 459 medii

165 495 263 538 aeui
291 494 417 537 initio
448 494 599 536 unicus
632 494 704 548 qui
735 495 922 536 aetatem
966 492 1068 534 tulit
1109 490 1322 546 Propertii
1364 489 1497 532 codex
1544 488 1694 530 miser-

161 566 274 608 rima
304 564 638 620 tristissimaque
669 563 919 607 condicione
948 563 1107 605 fuisse:
1151 561 1455 618 quaterniones
1496 559 1695 603 nonnulli

159 651 183 679 e
213 636 469 692 compagine
502 635 702 678 dissoluti
731 635 898 678 incerta
940 634 1039 676 sede
1076 632 1367 690 uagabantur,
1409 631 1516 674 folia
1557 631 1694 672 multa

157 707 319 763 partim
357 706 602 750 exciderant
643 706 803 762 partim
845 705 956 748 falso
999 705 1095 747 loco
1133 704 1298 746 inserta
1340 705 1479 758 erant,
1521 701 1693 758 paginis

135 778 277 821 ,haud
307 778 459 834 paucis
496 777 710 833 scriptura
742 777 1063 819 characteribus
1103 777 1308 818 constans
1340 773 1591 816 maiusculis
1623 787 1692 814 ue-

158 851 325 892 tustate
362 863 536 892 corrosa
572 851 701 904 atque
741 848 910 890 detrita.
970 846 1206 889 uoluminis
1247 845 1398 901 laceri,
1438 844 1694 901 perturbati,

158 920 273 963 lectu
308 920 554 963 difficillimi
583 934 745 962 nouum
783 918 936 961 deinde
968 918 1185 973 exemplar
1217 916 1402 959 confecit
1439 916 1570 958 homo
1602 915 1692 970 qui-

161 991 273 1047 dam,
304 991 377 1047 qm'
406 1005 485 1046 pro
516 990 634 1033 uirili
663 992 786 1045 parte
818 1005 868 1032 ex
898 989 1128 1045 naufragio
1167 987 1360 1030 seruauit
1390 1001 1498 1042 quae
1531 986 1694 1028 seruari

159 1065 410 1117 potuerunt.
449 1062 725 1118 transcripsit
746 1062 881 1104 uerba
907 1061 1048 1117 quoad
1073 1060 1283 1115 dispicere
1308 1058 1461 1113 ualuit,
1493 1057 1693 1101 extinctis

161 1135 206 1176 et
235 1134 477 1176 obscuratis
498 1148 520 1175 e
550 1133 795 1176 coniectura
820 1133 1007 1175 salutem
1030 1131 1248 1185 reddebat,
1278 1129 1496 1186 fragmina
1514 1128 1694 1170 disiecta

163 1207 209 1247 et
238 1204 453 1260 discerpta
491 1205 751 1260 coniungere
789 1206 833 1246 et
862 1204 908 1246 in
948 1203 1141 1246 ordinem
1178 1202 1372 1257 redigere
1406 1199 1571 1243 studuit
1602 1213 1694 1241 suc-

162 1289 287 1318 cessu
314 1290 405 1318 non
430 1275 536 1317 adeo
567 1275 695 1330 felici,
727 1275 828 1330 quia
847 1289 944 1317 cum
970 1275 1109 1316 multa
1134 1272 1454 1316 intercidissent
1482 1270 1694 1327 genuinus

163 1361 348 1390 conexus
381 1361 509 1401 saepe
540 1361 638 1389 eum
669 1346 852 1401 latebat3
891 1346 1083 1388 restituit
1114 1344 1297 1400 denique
1327 1342 1600 1399 Propertium
1631 1344 1694 1383 ta-

162 1418 249 1460 lem
285 1418 375 1460 fere
413 1418 583 1473 qualem
619 1432 732 1460 nunc
770 1418 816 1459 in
852 1423 889 1460 Ο
926 1418 1132 1459 habemus
1178 1414 1299 1472 (nam
1339 1415 1507 1471 aliquas
1543 1413 1695 1456 turbas

162 1491 355 1545 tempore
398 1489 511 1532 inter
552 1489 674 1531 illum
714 1491 757 1531 et
793 1496 829 1531 0
867 1488 1140 1531 interiacenti
1181 1486 1432 1543 prouenisse
1473 1485 1696 1541 probabile

164 1561 263 1618 est).
315 1560 428 1603 hanc
465 1562 609 1602 autem
647 1560 886 1603 similemue
928 1560 1149 1603 fortunam
1192 1558 1467 1613 Propertium
1511 1556 1696 1599 subiisse

163 1631 293 1674 hodic
323 1631 516 1686 plerique
548 1631 841 1686 consentiunt3
871 1631 998 1685 pauci
1030 1630 1144 1673 enim
1171 1629 1301 1671 etiam
1331 1643 1445 1671 nunc
1477 1630 1578 1670 sunt
1608 1642 1696 1669 cre-

166 1701 256 1745 duli
291 1702 460 1744 famoso
497 1701 562 1743 illi
593 1701 744 1756 Vulpii
782 1701 914 1757 dicto,
955 1703 1181 1756 poetarum
1219 1700 1508 1755 elegiacorum
1548 1713 1696 1741 ueram

126 1779 131 1785 '
169 1774 214 1814 et
242 1773 464 1828 propriam
494 1771 697 1828 μέθοδον
729 1769 821 1815 esse
853 1769 1141 1828 ἀμεθόδειαν,
1174 1771 1247 1813 sed
1274 1786 1401 1827 quam
1421 1769 1697 1825 compositio-

165 1844 236 1886 nis
281 1846 419 1886 artem
457 1844 501 1886 in
546 1843 690 1886 Ouidii
738 1846 865 1900 atque
909 1843 1074 1886 Tibulli
1117 1843 1329 1898 poematis
1374 1855 1607 1898 agnoscere
1651 1855 1700 1882 ac

171 1915 387 1970 suspicere
418 1914 662 1970 didicimus,
701 1914 881 1957 eandem
910 1917 1061 1957 nostro
1093 1914 1184 1956 iure
1215 1914 1261 1956 in
1292 1912 1699 1969 elegiographorum

173 1984 470 2028 Romanorum
497 1985 690 2041 principe
721 1985 981 2042 flagitamus.
1026 1987 1070 2027 et
1097 1985 1134 2027 is
1165 1987 1232 2026 est
1260 1986 1404 2026 textus
1426 1982 1699 2038 Propertiani

174 2057 314 2099 status
344 2057 393 2097 ut
423 2070 551 2111 saepe
583 2057 892 2099 sententiarum
924 2071 1062 2111 praua
1081 2055 1357 2098 cohaerentia
1374 2055 1487 2096 ultro
1506 2054 1699 2095 incurrat

168 2126 216 2168 in
257 2125 404 2169 oculos
448 2129 739 2183 prouocctque
783 2126 1100 2183 quodammodo
1139 2125 1414 2168 succurrendi
1456 2124 1694 2167 conamina.

173 2197 247 2239 sed
275 2197 392 2240 malo
424 2197 580 2240 accidit
609 2198 700 2240 fato
732 2201 782 2240 ut
817 2199 885 2240 uir
921 2212 1103 2254 magnus
1134 2196 1167 2239 Ι.
1197 2196 1232 2239 Ι.
1263 2194 1474 2252 Scaliger,
1511 2196 1583 2251 qui
1614 2195 1698 2250 pri-

169 2282 266 2310 mus
296 2267 408 2310 hanc
439 2282 564 2323 opem
595 2269 716 2324 tulit,
752 2271 928 2311 noceret
957 2269 1096 2311 multo
1128 2268 1266 2324 magis
1299 2282 1428 2323 quam
1460 2267 1697 2309 adiuuaret.

170 2353 274 2380 nam
291 2353 401 2381 cum
431 2354 562 2381 manu
593 2340 876 2382 audacissima
906 2340 1139 2395 eademque
1176 2339 1352 2381 minime
1384 2338 1534 2380 dextra
1564 2338 1697 2392 pluri-

171 2424 266 2452 mas
303 2410 543 2452 carminum
579 2410 814 2465 particulas
852 2411 948 2453 sede
986 2426 1063 2453 sua
1101 2410 1271 2452 euulsas
1302 2409 1349 2450 in
1389 2409 1522 2451 alium
1554 2409 1697 2451 locum

172 2481 360 2537 migrare
391 2481 574 2536 iuberet,
604 2480 706 2536 quid
736 2482 855 2524 aliud
892 2483 1145 2525 consecutus
1178 2484 1244 2523 est
1274 2496 1403 2536 quam
1434 2482 1483 2522 ut
1512 2480 1595 2522 hoc
1627 2493 1696 2535 ge·

172 2567 254 2595 nus
297 2551 549 2594 emendandi
592 2566 718 2594 omne
761 2553 992 2596 infamaret
1035 2556 1078 2595 et
1120 2552 1278 2595 criticis
1326 2554 1467 2594 cetera
1510 2551 1697 2593 cordatis

174 2625 420 2678 suspectum
450 2622 675 2664 redderet?
718 2626 767 2665 ut
785 2624 898 2666 enim
923 2625 974 2666 fit
997 2639 1075 2680 per
1092 2625 1295 2666 naturam
1326 2622 1572 2677 humanam,
1597 2621 1697 2663 dum

175 2693 268 2735 eius
297 2693 520 2735 leuitatem
552 2693 676 2735 anxie
700 2694 931 2751 refugiunt,
955 2696 1024 2738 uel
1048 2695 1111 2736 ibi
1128 2693 1438 2750 transponendi
1463 2693 1697 2734 remedium

174 2764 459 2818 repudiabant
489 2764 564 2806 ubi
593 2766 882 2808 necessarium
908 2768 974 2808 est
986 2765 1042 2823 ²¹⁵).
1078 2767 1141 2808 ita
1167 2769 1308 2808 autem
1336 2780 1428 2808 sese
1453 2780 1521 2807 res
1547 2765 1696 2806 habet:

276 2855 312 2902 *)
338 2857 520 2903 Scaligeri
538 2858 790 2894 temeritatem
808 2869 924 2904 nuper
950 2859 1063 2905 longe
1083 2859 1276 2905 superauit
1298 2859 1411 2895 bomo
1430 2859 1469 2893 in
1488 2859 1547 2893 his
1566 2857 1698 2893 studiis

187 2915 340 2960 hospes,
378 2915 593 2952 Dominicus
631 2917 793 2961 Camtti,
831 2917 896 2962 qui
931 2918 1117 2963 Propertii
1154 2918 1352 2964 Cynthiam
1389 2930 1421 2954 a.
1450 2922 1539 2953 1869
1571 2917 1700 2962 Hagae
