1898 3190
259 140 287 181 2
784 144 1046 182 PROPERTII
1064 145 1152 183 LIB.
1178 146 1206 183 I.
1234 151 1264 181 1.

436 250 535 293 Ibat
565 253 608 293 et
639 252 830 296 hirsutas
861 255 935 296 ille
967 254 1111 297 uidere
1142 254 1276 311 feras;

376 321 453 364 Ille
486 322 617 364 etiam
650 322 806 378 Hylaei
836 340 1064 380 percussus
1096 326 1272 369 uulnere
1303 326 1412 368 rami

436 391 612 435 Saucius
645 393 843 438 Arcadiis
874 397 1054 452 rupibus
1086 397 1311 452 ingemuit.

319 474 362 505 15
375 463 495 520 Ergo
526 464 719 507 uelocem
750 467 894 521 potuit
925 467 1142 510 domuisse
1172 467 1383 522 puellam:

438 534 625 578 Tantum
656 537 701 579 in
733 552 876 580 amore
907 553 1054 594 preces
1088 541 1131 580 et
1161 538 1387 580 benefacta
1417 538 1576 588 ualent.

376 605 428 648 In
459 620 526 647 me
560 607 708 650 tardus
743 608 878 651 Amor
910 625 997 652 non
1028 610 1140 652 ullas
1173 609 1338 665 cogitat
1370 611 1502 665 artes,

434 676 525 719 Nec
557 679 752 721 meminit
782 682 925 736 notas,
956 683 1006 722 ut
1035 681 1174 735 prius,
1205 681 1266 722 ire
1297 680 1403 722 uias.

379 747 438 789 At
469 763 564 803 uos,
597 749 799 792 deductae
832 751 987 806 quibus
1020 753 1087 793 est
1115 751 1290 793 fallacia
1320 751 1448 793 lunae

316 829 361 860 20
436 819 496 861 Et
527 820 653 862 labor
683 820 729 862 in
760 822 939 877 magicis
970 822 1062 864 fata
1093 823 1213 877 piare
1244 822 1372 877 focis,

374 890 443 932 En
476 891 659 946 agedum
691 892 888 935 dominae
920 895 1108 934 mentem
1141 892 1378 935 conuertite
1409 894 1600 948 nostrae,

435 962 494 1004 Et
523 962 652 1004 facite
684 963 759 1005 illa
791 979 886 1007 meo
919 965 1083 1019 palleat
1114 979 1187 1007 ore
1218 965 1370 1020 magis.

375 1033 491 1076 Tunc
523 1048 604 1090 ego
637 1035 891 1077 crediderim
923 1035 1046 1078 uobis
1079 1037 1123 1077 et
1154 1035 1295 1077 sidera
1326 1037 1369 1077 et
1401 1050 1547 1078 amnes

367 1090 372 1098 i
432 1104 564 1147 Posse
597 1104 801 1159 Cytaines
835 1105 987 1148 ducere
1020 1105 1294 1148 carminibus.

314 1186 358 1217 25
374 1174 463 1218 Aut
493 1191 589 1231 uos⁷
616 1177 687 1231 qui
721 1191 815 1219 sero
848 1177 1018 1231 lapsum
1050 1177 1282 1231 reuocatis,
1314 1176 1458 1232 amici,

433 1246 635 1296 Quaerite
666 1255 755 1290 non
787 1247 881 1290 sani
912 1248 1098 1302 pectoris
1132 1248 1303 1290 auxilia.

374 1317 562 1360 Fortiter
593 1321 636 1360 et
666 1318 847 1374 ferrum,
879 1333 1031 1361 saeuos
1063 1319 1278 1373 patiemur
1309 1320 1352 1360 et
1382 1318 1522 1374 ignes,

434 1388 498 1431 Sit
529 1389 658 1432 modo
690 1390 867 1431 libertas
900 1404 1008 1444 quae
1040 1390 1146 1431 uelit
1177 1390 1242 1431 ira
1272 1389 1402 1444 loqui.

373 1459 498 1502 Ferte
530 1475 606 1516 per
638 1462 849 1502 extremas
883 1463 1033 1516 gentes
1066 1463 1110 1502 et
1140 1460 1249 1503 ferte
1280 1475 1356 1516 per
1387 1460 1540 1516 undas,

313 1543 358 1573 30
433 1531 527 1581 Qua
557 1546 647 1573 non
677 1532 766 1573 ulla
797 1527 938 1573 meum
971 1531 1132 1573 femina
1162 1532 1280 1574 norit
1309 1533 1403 1575 iter.

371 1601 462 1644 Vos
493 1604 729 1658 remanete,
762 1603 916 1658 quibus
949 1602 1068 1645 facili
1101 1603 1204 1644 deus
1236 1603 1388 1645 annuit
1419 1617 1539 1659 aure,

432 1672 536 1715 Sitis
569 1675 613 1715 et
643 1674 688 1715 in
719 1675 815 1715 tuto
848 1688 1017 1728 semper
1049 1688 1193 1716 amore
1224 1689 1367 1729 pares:

372 1745 424 1786 In
456 1759 523 1786 nie
555 1746 721 1786 maesta
751 1743 899 1787 Venus
930 1747 1079 1787 noctes
1112 1748 1279 1787 exercet
1309 1759 1500 1800 amarae„

432 1816 492 1858 Et
521 1815 640 1858 nullo
673 1830 835 1857 uacuus
866 1819 1060 1871 tempore
1093 1816 1195 1858 defit
1225 1815 1371 1859 Amor.

348 1964 441 1999 VAR.
476 1977 575 2000 macr.
639 1969 680 2000 12
725 1965 887 2000 hirsutas
919 1968 949 1998 V
980 1977 1025 2002 m.
1051 1970 1096 2011 2,
1128 1970 1160 2000 N
1190 1977 1300 2003 corn:
1331 1966 1467 2003 irsutas
1503 1971 1531 2001 Ε
1549 1970 1580 2002 V
1610 1968 1782 2014 hyrsutas

251 2024 299 2063 A,
319 2026 350 2056 N
375 2034 422 2059 m.
447 2027 468 2059 1
493 2027 497 2069 Ι
519 2024 662 2071 uidere]
689 2024 800 2060 ferire
825 2025 1004 2060 Heinsius
1029 2025 1173 2071 agitare
1199 2025 1441 2061 Burmannus
1465 2026 1669 2063 sollicitare
1690 2027 1781 2064 Paz-

252 2082 382 2117 damus
408 2082 510 2130 ciere¹
530 2085 589 2120 uel
613 2095 764 2120 mouere
789 2094 850 2129 eqo
887 2085 899 2129 ΙΙ
933 2088 975 2118 13
1001 2085 1135 2130 Hylaei
1169 2085 1334 2120 Volscus:
1359 2084 1460 2130 psilli
1486 2088 1511 2119 0
1537 2086 1664 2132 (psylli
1688 2097 1780 2123 corr.

250 2143 281 2174 V
306 2153 350 2178 m.
371 2142 412 2187 2)
437 2143 585 2188 Phyllei
604 2143 864 2188 Hertzberqius
886 2144 891 2185 1
913 2143 1066 2179 uulnere
1092 2147 1122 2177 V
1140 2147 1188 2179 N:
1215 2145 1346 2179 arbore
1372 2147 1402 2178 A
1420 2147 1448 2178 Ε
1474 2145 1599 2189 (huius
1616 2156 1661 2182 m.
1681 2148 1708 2182 2
1732 2146 1780 2182 ab

252 2201 416 2247 arbore);
438 2214 489 2238 an
501 2203 655 2238 uerbere
671 2202 691 2237 .?
704 2205 716 2249 ΙΙ
731 2206 776 2237 14
796 2202 980 2238 archadiis
1000 2205 1030 2236 A
1043 2206 1075 2237 N
1088 2203 1100 2249 ΙΙ
1114 2207 1157 2239 16
1178 2203 1320 2249 preces]
1335 2203 1426 2238 fides
1440 2203 1672 2249 Fonteinius‚
1686 2205 1782 2250 quod

245 2261 368 2304 placet
390 2266 395 2305 Ι
415 2261 516 2297 bona
540 2262 621 2298 fata
645 2263 738 2297 idem
757 2263 769 2307 ΙΙ
790 2266 832 2297 17
859 2273 933 2297 non
959 2262 1055 2298 ullas
1082 2272 1119 2300 ςε
1146 2274 1220 2298 non
1243 2262 1367 2298 nullas
1393 2265 1417 2296 0
1442 2274 1518 2298 non
1541 2262 1626 2299 illas
1650 2263 1782 2299 Dousa

247 2323 327 2364 pat.
351 2321 355 2364 Ι
380 2321 544 2356 concitat
568 2321 811 2356 Burmannus
835 2322 955 2356 senior
972 2322 985 2366 ΙΙ
1006 2324 1049 2357 18
1074 2321 1227 2356 memini
1245 2324 1275 2355 A
1305 2323 1318 2366 ΙΙ
1350 2326 1393 2357 19
1419 2321 1597 2370 subducte
1616 2324 1647 2355 V
1664 2333 1710 2356 m.
1729 2320 1779 2370 2}

250 2378 398 2415 fallatia
423 2383 512 2423 NV3
540 2380 701 2425 pellacia
725 2380 930 2416 Palmerius
955 2383 987 2415 et
1011 2380 1057 2415 L.
1078 2380 1295 2426 Fruterius,
1319 2380 1455 2417 fiducia
1478 2380 1520 2416 L.
1542 2381 1744 2417 Muellerus
1769 2381 1779 2427 ΙΙ

251 2441 296 2472 20
316 2438 395 2473 fata
410 2439 646 2475 Fonteinius:
668 2451 774 2475 sacra
788 2443 812 2473 0
833 2440 936 2475 astra
953 2439 1044 2475 Rob.
1067 2439 1231 2485 Unyerus
1249 2441 1261 2485 ΙΙ
1280 2443 1324 2475 22
1344 2450 1429 2475 mea
1445 2443 1478 2473 N
1496 2451 1541 2475 m.
1561 2443 1582 2475 1
1606 2439 1611 2487 Ι
1630 2439 1782 2486 placeat

250 2499 280 2530 A
290 2501 317 2530 Ε
333 2498 341 2542 ἰΙ
358 2501 403 2531 24
419 2496 592 2541 Cytaines
607 2498 882 2544 Hertzberyius:
897 2497 1059 2534 citalinis
1073 2502 1100 2532 Ε
1112 2511 1157 2535 m.
1172 2503 1206 2544 1,
1221 2498 1410 2535 cithalinis
1423 2501 1488 2533 AF
1501 2510 1544 2534 m.
1553 2501 1591 2543 2,
1606 2498 1778 2543 cytalinis

250 2559 279 2590 V
305 2558 385 2603 (my.
420 2569 464 2593 m.
496 2560 522 2593 2
561 2556 767 2603 citheinis),
793 2558 992 2603 cythalinis
1019 2562 1050 2592 N
1077 2559 1136 2604 (m.
1163 2562 1190 2595 2
1217 2558 1402 2604 cythainis
1441 2559 1547 2603 corr.)
1586 2555 1779 2603 Cytaeaeis

250 2615 415 2661 Guyetus
446 2615 632 2660 Cytaiacis
665 2617 959 2652 Schneidewinus
1002 2618 1015 2662 ΙΙ
1057 2621 1103 2652 25
1139 2617 1214 2652 Aut
1244 2617 1556 2652 Hemsterhusius:
1588 2616 1638 2652 Et
1663 2619 1689 2652 0
1715 2617 1780 2663 (At

249 2678 277 2708 Ε
301 2686 346 2710 m.
373 2675 413 2720 2)
451 2675 464 2720 ΙΙ
501 2678 545 2710 27
572 2676 764 2720 paciemur
788 2679 818 2711 A
837 2680 867 2710 V
902 2677 915 2721 ΙΙ
957 2681 1001 2712 29
1029 2677 1142 2712 Forte
1165 2698 1204 2702 —
1227 2676 1323 2712 ferre
1350 2679 1379 2710 A
1420 2676 1433 2720 ΙΙ
1475 2679 1520 2710 30
1545 2674 1688 2711 semina
1711 2677 1743 2709 A
1770 2674 1775 2722 Ι

248 2742 356 2793 nodit
379 2760 409 2791 V
427 2758 439 2802 ΙΙ
459 2761 502 2792 31
528 2768 718 2794 remanere
743 2762 773 2793 A
790 2759 794 2805 Ι
811 2758 933 2794 facilis
959 2763 986 2792 F
1003 2759 1007 2805 Ι
1026 2758 1158 2794 adnuit
1182 2762 1212 2792 V
1229 2758 1234 2806 Ι
1252 2769 1314 2794 ore
1338 2758 1518 2794 Heinsius
1536 2758 1548 2802 ΙΙ
1566 2761 1611 2793 33
1632 2758 1778 2794 maesta

249 2818 396 2862 scripsi:
421 2818 548 2852 nostra
574 2819 598 2850 0
625 2817 718 2852 dura
737 2817 927 2853 Francius
945 2818 957 2862 ΙΙ
975 2821 1022 2852 34
1048 2816 1144 2853 desit
1163 2819 1212 2862 A,
1236 2820 1268 2851 Π
1291 2827 1336 2852 m.
1361 2819 1383 2851 1
1407 2817 1412 2861 Ι
1435 2816 1549 2851 Amor
1566 2826 1647 2862 eqo:
1673 2827 1778 2852 amor

249 2877 370 2922 riulyo.
