1898 3190
260 161 318 203 20
715 165 975 201 PROPERTII
1000 167 1089 201 LIB.
1116 167 1142 202 Ι.
1171 170 1224 202 12.
1254 171 1307 202 13.

437 269 633 327 Contigit
663 274 711 314 ut
742 273 873 315 simili
904 276 1054 328 posset
1092 289 1234 316 amare
1265 275 1359 317 fide.

376 340 569 384 Inuidiae
600 342 778 386 fuimus:
808 359 910 386 num
942 359 1010 386 me
1041 344 1143 387 deus
1175 345 1350 387 obruit?
1381 361 1437 388 an
1468 361 1576 402 quae

319 422 362 454 10
434 412 565 455 Lecta
596 413 862 457 Prometheis
895 415 1049 458 diuidit
1079 416 1215 458 herba
1245 416 1387 472 iugis?

375 483 476 526 Non
508 500 603 527 sum
635 500 715 542 ego
748 487 861 542 quod
892 487 1074 529 fueram:
1107 490 1248 530 mutat
1278 489 1350 530 uia
1379 489 1511 545 longa
1541 489 1723 544 puellas:

436 555 630 605 Quantus
661 557 707 599 in
739 558 892 614 exiguo
924 562 1118 613 tempore
1149 559 1262 615 fugit
1293 560 1429 602 amor!

375 626 502 670 Nunc
533 628 721 683 primum
752 630 904 685 longas
937 630 1053 672 solus
1085 644 1345 686 cognoscere
1376 633 1524 673 noctes

437 697 581 754 Cogor
613 702 656 741 et
686 700 778 754 ipse
811 701 915 742 meis
948 701 1122 743 auribus
1155 716 1246 743 esse
1279 701 1437 757 grauis.

319 778 361 810 15
377 767 514 825 Felix,
546 770 619 825 qui
650 771 792 825 potuit
822 773 1039 826 praesenti
1070 772 1171 814 flere
1203 773 1388 827 puellae:

434 839 535 882 Non
566 842 693 893 nihil,
726 857 768 894 a,
800 843 963 898 sparsis
996 844 1157 899 gaudet
1188 844 1323 886 Amor
1354 844 1554 886 lacrimis.

374 911 464 953 Aut
495 913 532 954 si
563 913 790 967 despectus
822 914 966 969 potuit
996 917 1163 957 mutare
1195 915 1376 969 calores,

435 982 544 1025 Sunt
575 999 743 1041 quoque
775 985 988 1027 translato
1021 986 1178 1042 gaudia
1210 987 1399 1029 seruitio.

374 1052 437 1095 Mi
468 1069 604 1110 neque
637 1069 779 1096 amare
811 1055 941 1097 aliam
979 1071 1116 1112 neque
1155 1057 1208 1099 ab
1246 1057 1327 1099 hac
1366 1057 1571 1100 desistere
1602 1057 1668 1100 fas
1701 1062 1783 1101 est:

317 1134 362 1166 20
436 1123 623 1179 Cynthia
655 1125 795 1180 prima
826 1126 925 1181 fuit,
958 1125 1146 1182 Cynthia
1176 1128 1275 1169 finis
1307 1128 1399 1171 erit.

956 1419 1084 1467 XIII.

376 1521 459 1577 Tu,
491 1522 604 1577 quod
637 1537 764 1578 saepe
797 1523 928 1579 soles,
961 1526 1112 1566 nostro
1143 1524 1360 1566 laetabere
1393 1539 1511 1579 casu,

436 1592 583 1649 Galle,
614 1593 727 1649 quod
761 1594 940 1649 abrepto
973 1595 1090 1637 solus
1123 1609 1268 1637 amore
1299 1610 1459 1637 uacem.
1497 1644 1500 1645 ⁷

375 1663 435 1705 At
465 1679 551 1706 non
582 1665 675 1719 ipse
707 1667 805 1707 tuas
837 1665 1058 1721 imitabor,
1088 1666 1268 1721 perfide,
1300 1681 1445 1709 uoces:

434 1735 599 1777 Fallere
630 1738 674 1778 te
704 1750 956 1792 numquam,
989 1735 1128 1791 Galle,
1159 1738 1304 1791 puella
1335 1738 1452 1781 uelit.

341 1807 491 1848 5Dum
521 1807 604 1848 tibi
636 1807 824 1862 deceptis
856 1810 1038 1863 augetur
1067 1808 1182 1850 fama
1215 1808 1386 1863 puellis,

437 1876 590 1920 Certus
623 1880 666 1919 et
697 1878 743 1919 in
773 1878 891 1920 nullo
924 1879 1092 1933 quaeris
1125 1893 1270 1921 amore
1302 1894 1487 1935 moram,

377 1949 575 1991 Perditus
607 1949 653 1991 in
686 1949 869 2005 quadam
901 1950 1035 1992 tardis
1067 1950 1300 2005 pallescere
1332 1951 1443 1993 curis

433 2020 606 2075 Incipis.
628 2023 671 2062 et
701 2021 840 2076 primo
872 2021 1018 2075 lapsus
1051 2021 1170 2063 abire
1202 2022 1349 2077 gradU.

351 2220 442 2255 VAR.
469 2233 567 2254 mer.
618 2224 639 2255 8
666 2219 875 2265 Contingit,
893 2232 918 2254 n
939 2221 1054 2256 altera
1072 2224 1297 2266 summota,
1321 2225 1349 2255 Ε
1370 2221 1376 2266 Ι
1397 2220 1518 2266 possit
1534 2226 1563 2256 1)
1576 2224 1607 2256 V
1628 2227 1633 2266 Ι
1653 2225 1780 2258 amore
1889 2158 1898 2283 l

256 2283 286 2313 A
311 2280 323 2324 ΙΙ
348 2283 368 2314 9
396 2290 522 2314 sumus
548 2281 715 2323 Aluum
739 2280 877 2323 DVOE
902 2290 946 2314 m.
973 2282 1033 2324 2):
1060 2291 1135 2315 non
1159 2281 1380 2325 AFNlan
1404 2291 1499 2325 quae
1523 2284 1644 2327 rmy.
1669 2291 1714 2316 m.
1740 2284 1779 2325 2,

255 2341 286 2371 V
309 2351 354 2374 m.
376 2342 402 2375 2
423 2350 532 2382 coron,
552 2341 599 2373 N:
621 2349 669 2373 an
683 2349 794 2383 quem
814 2341 838 2372 0
858 2339 870 2383 ΙΙ
891 2342 934 2373 10
953 2339 1193 2383 prometheus
1214 2338 1299 2384 (-eis
1318 2343 1346 2373 F
1364 2351 1409 2375 m.
1430 2341 1470 2384 2)
1490 2338 1618 2374 diuitis
1637 2339 1780 2385 (h)erba

255 2401 286 2431 A
304 2401 331 2431 F
349 2399 362 2442 11
383 2401 424 2432 11
451 2397 551 2442 quod
575 2397 834 2432 Burmannus:
859 2397 923 2442 qui
950 2400 974 2431 0
999 2398 1012 2442 ΙΙ
1039 2402 1080 2432 12
1107 2398 1267 2444 exhiguo
1292 2401 1323 2432 A
1346 2399 1359 2444 ΙΙ
1385 2402 1429 2434 16
1454 2409 1477 2433 a
1502 2398 1640 2444 sparsis
1665 2398 1780 2434 Hein-

255 2475 348 2509 sius:
376 2473 534 2520 aspersis
556 2476 580 2507 0
600 2475 612 2518 ΙΙ
633 2478 674 2509 17
701 2474 777 2508 Aut
801 2473 867 2518 qui
891 2475 983 2510 coni.
1004 2472 1182 2510 Heinsius
1203 2476 1209 2520 Ι
1231 2466 1372 2511 etlores
1397 2478 1430 2509 X
1454 2475 1595 2511 colores
1619 2479 1648 2509 D
1667 2478 1699 2509 V
1723 2475 1780 2521 (in

255 2534 320 2568 hoc
345 2543 435 2567 corr.
461 2543 506 2566 m.
533 2535 574 2577 2)
599 2534 611 2577 ΙΙ
641 2536 683 2567 18
710 2533 866 2568 seruieio
892 2536 922 2567 A
940 2538 968 2567 Ι)
988 2536 1019 2566 V
1043 2534 1099 2579 (in
1122 2535 1188 2569 hoc
1212 2544 1303 2570 corr.
1330 2546 1374 2569 m.
1400 2537 1446 2579 ,2)
1475 2536 1488 2580 ΙΙ
1521 2538 1563 2569 19
1590 2533 1778 2579 Minimeq;

255 2595 300 2636 F,
327 2602 418 2627 corr.
444 2602 512 2636 my.
538 2603 583 2626 m.
609 2595 635 2628 2
659 2594 663 2636 Ι
686 2591 863 2627 desistere
887 2596 932 2627 1⁴⁸:
958 2592 1145 2628 dissistere
1171 2596 1201 2626 A
1219 2596 1251 2626 N
1276 2593 1464 2629 discedere
1489 2597 1518 2627 1)
1537 2596 1567 2626 V

353 2663 449 2697 XIIl.
499 2662 612 2697 Noua
636 2663 748 2708 eleyia
773 2674 854 2698 cum
878 2664 985 2698 titulo
1011 2663 1058 2698 ad
1083 2664 1225 2709 gallum
1249 2665 1291 2699 in
1316 2666 1340 2697 0
1381 2665 1386 2708 Ι
1425 2667 1446 2698 3
1471 2662 1688 2699 immitabor
1710 2667 1742 2698 R
1765 2663 1778 2711 ΙΙ

258 2726 278 2757 5
305 2721 406 2757 fama
428 2726 456 2755 1>
476 2724 506 2754 V
525 2724 573 2756 N:
599 2721 720 2756 forma
744 2725 774 2756 A
790 2726 817 2755 F
836 2724 850 2767 ss
867 2727 887 2757 6
913 2723 1070 2769 moram]
1097 2723 1198 2758 uiam
1217 2727 1245 2756 D
1259 2725 1289 2756 V
1314 2723 1369 2767 (in
1388 2723 1454 2758 hoe
1471 2733 1538 2768 my.
1558 2734 1604 2760 m.
1623 2726 1649 2759 2
1675 2733 1778 2766 corr„

256 2782 298 2816 in
322 2782 386 2816 illo
419 2791 562 2815 moram
592 2792 663 2825 pro
695 2782 806 2817 uaria
838 2782 911 2818 lect.
942 2782 985 2816 in
1015 2792 1082 2826 my.
1110 2782 1242 2825 adscr.)
1284 2782 1297 2826 ΙΙ
1341 2784 1360 2815 7
1394 2780 1581 2826 Perditus]
1618 2780 1778 2824 Queritis

257 2843 287 2873 A
305 2843 332 2873 F
357 2840 415 2884 (in
439 2840 504 2874 hoc
528 2850 620 2875 corr.
646 2851 713 2885 my.
739 2852 784 2875 m.
810 2842 851 2885 2)
882 2842 894 2885 ΙΙ
924 2843 946 2875 8
971 2835 1084 2885 lapsis
1109 2843 1156 2884 A,
1181 2844 1208 2873 F
1233 2851 1278 2875 m.
1305 2843 1325 2874 1
1355 2841 1360 2883 Ι
1388 2839 1492 2874 abire
1516 2842 1546 2872 V
1570 2850 1638 2884 my.
1663 2851 1709 2875 m.
1733 2843 1778 2876 2:

1884 2521 1898 2686 ἔ

1884 2717 1898 2796 Ξ

1878 2802 1898 2834 5

257 2899 358 2934 adire
385 2902 409 2932 0
480 2916 484 2921 -
1879 2899 1892 2936 ·{
