1898 3190
244 139 300 180 86
410 164 415 168 -
730 138 990 174 PROPERTII
1014 137 1103 174 LIB.
1130 137 1175 174 11.
1201 141 1257 175 28.

363 248 632 290 Andromede
665 248 870 290 monstris
902 247 1043 289 fuerat
1075 250 1243 289 sacrata
1274 249 1470 292 marinis:

422 318 540 361 Haec
572 320 719 361 eadem
749 317 895 360 Persei
925 318 1085 360 nobilis
1116 333 1224 360 uxor
1256 322 1358 362 erat.

365 388 545 431 Callisto
579 389 788 431 Arcadios
821 391 1036 430 errauerat
1067 404 1168 431 ursa
1201 404 1277 444 per
1307 405 1453 447 agros:

422 460 539 502 Haec
570 463 780 502 nocturna
813 475 891 502 suo
925 460 1060 502 sidere
1092 461 1189 502 uela
1220 461 1342 516 regit.

306 543 348 573 25
365 531 487 581 Quod
519 532 556 572 si
587 531 700 573 forte
730 531 810 572 tibi
841 532 1113 585 properarint
1143 531 1235 573 fata
1267 532 1471 587 quietem,
1530 559 1533 562 -

420 602 527 657 Igne
559 603 804 656 sepulturae
835 601 951 643 facta
980 602 1110 644 beata
1141 605 1242 644 tuae

362 673 573 716 Narrabis
607 672 817 727 Semelae,
850 689 933 729 quo
966 674 1022 715 sit
1051 673 1243 715 formosa
1272 675 1432 729 periclo

422 743 598 799 (Credet
627 746 671 786 et
701 744 794 798 illa,
826 759 903 786 suo
936 744 1061 786 docta
1092 745 1235 798 puella
1265 744 1420 802 malo),

362 815 422 857 Et
453 816 535 857 tibi
567 815 788 857 Maeonias
821 815 961 857 omnis
992 814 1192 857 heroidas
1223 811 1337 858 inter

304 898 349 929 30
422 885 590 928 Primus
623 886 703 927 erit
733 886 852 927 nulla
883 900 970 927 non
1000 886 1216 927 tribuente
1247 887 1380 929 locus.

362 956 504 1011 Nunc,
537 961 765 1012 utcumque
797 959 937 1012 potes,
967 957 1057 998 fato
1090 971 1190 1013 gere
1222 959 1368 1000 saucia
1399 973 1581 1002 morem:

421 1027 480 1069 Et
512 1027 615 1070 deus
647 1031 691 1069 et
722 1027 851 1084 durus
883 1028 1068 1070 uertitur
1098 1028 1190 1082 ipse
1222 1027 1325 1070 dies.

995 1125 1018 1150 *

877 1184 900 1209 *
1114 1184 1137 1210 *
1203 1188 1206 1192 ’

362 1252 456 1294 Hoc
487 1253 570 1294 tibi
602 1253 670 1294 uel
700 1253 862 1307 poterit
892 1253 1078 1295 coniunx
1108 1253 1329 1308 ignoscere
1359 1253 1487 1296 Iuno:

421 1323 654 1380 Frangitur
686 1326 729 1365 et
759 1323 887 1378 Iuno,
920 1323 956 1364 si
989 1338 1072 1378 qua
1102 1323 1249 1377 puella
1280 1324 1405 1379 perit.

304 1406 348 1437 35
363 1394 579 1436 Deficiunt
609 1394 777 1449 magico
809 1394 915 1435 torti
948 1393 1027 1435 sub
1060 1394 1247 1436 carmine
1278 1394 1469 1450 rhombi,

423 1464 482 1505 Et
513 1467 629 1507 tacet
661 1465 847 1506 extincto
878 1465 1025 1506 laurus
1058 1464 1212 1507 adusta
1241 1465 1357 1521 foco,

362 1535 421 1577 Et
451 1535 538 1577 iam
571 1535 693 1577 Luna
724 1538 855 1590 negat
885 1535 1044 1577 totiens
1077 1520 1331 1578 descendere
1363 1536 1499 1592 caelo,

422 1605 644 1662 Nigraque
675 1606 891 1648 funestum
923 1606 1109 1648 concinit
1140 1621 1266 1648 omen
1298 1607 1403 1649 auis.

362 1677 460 1720 Una
491 1677 597 1719 ratis
629 1678 709 1719 fati
739 1679 911 1719 nostros
943 1677 1139 1732 portabit
1170 1692 1338 1720 amores

304 1759 350 1790 40
423 1747 604 1790 Caerula
637 1748 687 1789 ad
721 1748 910 1790 infernos
943 1748 1159 1790 uelificata
1190 1748 1320 1792 locos.

340 1865 430 1901 VAR.
457 1877 554 1900 nnc-r.
606 1869 649 1899 21
677 1864 913 1900 Andromade
928 1870 955 1899 Β
982 1865 1302 1912 AndromaedeVl
1324 1867 1470 1902 sacrata.
1492 1868 1640 1912 scripsi:
1666 1879 1768 1903 mon·

245 1926 362 1960 strata
376 1928 401 1958 0
422 1925 559 1959 deuota
578 1927 611 1958 et
628 1927 656 1957 F
676 1928 708 1959 et
726 1927 756 1957 V
775 1936 842 1969 my.
864 1936 907 1959 m.
924 1928 969 1967 2,
982 1928 1012 1958 N
1032 1924 1044 1970 ΙΙ
1057 1928 1101 1959 22
1117 1924 1211 1970 erat]
1229 1925 1318 1960 ouat
1330 1924 1506 1961 Eldikius
1518 1926 1537 1973 Ἠ
1555 1930 1601 1962 23
1615 1926 1769 1963 Callisto

245 1987 274 2017 V
293 1995 337 2018 m.
353 1986 390 2028 2,
409 1986 457 2018 R:
484 1982 624 2018 Calisto
646 1986 670 2016 0
693 1984 699 2028 Ι
721 1983 917 2018 archadios
936 1987 963 2016 F
979 1986 1010 2017 N
1028 1984 1040 2027 ΙΙ
1059 1987 1104 2017 24
1131 1982 1252 2018 sidera
1276 1987 1304 2016 1?
1322 1984 1335 2028 ΙΙ
1353 1987 1398 2019 26
1418 1983 1507 2030 Igne
1526 1986 1673 2030 scripsi:
1699 1985 1770 2020 Illa

246 2046 270 2076 0
292 2043 377 2087 Ipsa
396 2053 417 2079 ς
439 2045 444 2085 Ι
466 2043 567 2077 facta
586 2052 623 2079 ⁸3:
650 2042 728 2076 fata
753 2045 776 2075 0
796 2053 813 2076 e
831 2054 867 2076 u.
883 2043 1025 2086 priore3
1052 2041 1242 2086 sepultura
1260 2041 1360 2077 facta
1378 2042 1412 2078 b.
1433 2043 1500 2078 tua
1521 2043 1770 2079 Man-lelandus

246 2103 324 2135 sata
344 2102 474 2146 parata
494 2101 713 2136 Fonteinius
739 2101 833 2146 Ipsa,
861 2114 886 2136 s.
915 2102 1012 2136 sorte
1031 2101 1066 2137 b.
1086 2102 1184 2144 tuae,
1211 2101 1390 2136 Nan-abis
1415 2101 1676 2138 Lachmamms
1692 2103 1706 2147 ΙΙ
1724 2093 1768 2138 Ἦ

246 2159 380 2195 semele
407 2163 432 2193 0
455 2162 459 2203 Ι
482 2159 530 2194 sit
556 2162 580 2193 0
607 2159 664 2204 <fit
687 2163 714 2193 F
740 2171 784 2194 m.
811 2162 866 2204 1):
894 2159 943 2194 sis
969 2159 1167 2194 Fruterius
1197 2160 1210 2204 ΙΙ
1240 2162 1285 2194 28
1317 2158 1400 2207 illa]
1426 2159 1510 2205 ipsa
1535 2160 1734 2197 Santenius
1763 2161 1767 2207 l
1822 2178 1826 2181 ’

247 2229 313 2253 sua
336 2222 382 2262 D,
402 2221 431 2251 V
456 2230 500 2253 m.
528 2223 547 2253 1
580 2220 592 2264 ΙΙ
626 2222 670 2253 29
697 2218 886 2253 meonidas
912 2221 939 2251 Ε
962 2220 966 2262 Ι
990 2217 1109 2253 omnis
1134 2217 1306 2253 herodias
1332 2219 1410 2263 (sic)
1435 2218 1534 2254 inter
1557 2222 1585 2253 Β
1604 2222 1634 2253 V
1659 2221 1770 2266 (quod

247 2279 435 2322 confirmat
463 2277 569 2313 Ouid.
595 2278 690 2313 trist.
715 2277 732 2311 I
758 2281 790 2322 6,
817 2278 893 2321 33):
919 2276 1017 2312 inter
1042 2276 1213 2312 heroidas
1239 2277 1358 2312 omnis
1376 2281 1403 2311 F
1423 2280 1455 2311 Π
1473 2278 1486 2323 ΙΙ
1503 2282 1547 2312 31
1574 2279 1770 2324 utrumque

245 2341 272 2370 D
300 2338 354 2382 (in
379 2339 409 2370 V
434 2348 453 2372 c
479 2348 523 2372 ex
548 2348 639 2373 corr.
661 2336 694 2381 .9)
718 2338 722 2381 1
744 2336 869 2381 potest
892 2340 920 2369 1)
946 2337 1101 2380 potes}
1126 2339 1155 2369 V
1189 2338 1193 2380 Ι
1228 2336 1348 2371 sautia
1371 2339 1399 2370 F
1429 2337 1442 2381 fl
1472 2340 1516 2371 32
1543 2336 1644 2372 dirus
1668 2337 1769 2374 Eon-

247 2396 380 2430 teinius
410 2397 423 2441 ΙΙ
454 2400 498 2431 33
518 2407 589 2441 sqq.
629 2397 816 2431 cohaerent
841 2406 921 2429 cum
947 2396 1139 2439 prioribus
1163 2396 1204 2430 in
1230 2398 1255 2429 0
1281 2396 1369 2440 (nisi
1393 2396 1488 2440 quod
1513 2407 1536 2430 a
1561 2399 1605 2431 35
1631 2407 1767 2432 nouum

247 2465 390 2490 carmen
421 2455 463 2489 in
486 2457 549 2498 N);
589 2458 633 2489 33
659 2457 692 2489 et
716 2457 762 2489 34
793 2457 879 2498 post
909 2465 944 2489 u.
977 2458 998 2488 2
1031 2455 1175 2489 traiecit
1206 2454 1452 2499 Passeratius,
1490 2457 1523 2489 et
1559 2458 1650 2490 certe
1683 2455 1770 2490 haec

247 2515 500 2559 coniunyenda
533 2514 689 2558 (frustra
714 2514 809 2548 enim
833 2524 868 2547 u.
895 2516 939 2547 33
977 2511 1136 2547 coniunx
1171 2514 1355 2548 commatis
1384 2514 1534 2548 inclusit
1564 2512 1769 2549 Lachman-

249 2574 346 2616 ηαδ),
372 2574 432 2608 sed
457 2573 631 2608 uidentur
654 2573 745 2608 mihi
768 2583 830 2607 uu.
860 2575 877 2606 1
905 2575 937 2606 et
961 2576 982 2606 2
1009 2583 1089 2606 cum
1113 2576 1252 2607 33——46
1279 2573 1439 2617 copulati
1463 2575 1547 2607 ante
1570 2583 1632 2608 uu.
1653 2576 1768 2609 3-32

244 2632 406 2675 ponendi
447 2633 459 2676 ΙΙ
502 2635 547 2667 33
582 2631 721 2676 poterit
744 2634 792 2666 N:
818 2632 966 2676 poterat
991 2634 1015 2664 0
1063 2635 1067 2674 !
1112 2630 1215 2674 uino,
1243 2631 1302 2666 hic
1325 2634 1358 2665 et
1381 2642 1417 2666 u.
1442 2641 1510 2675 seq.
1535 2634 1564 2664 Β
1583 2633 1615 2665 1«
1660 2631 1675 2677 ΙΙ
1723 2635 1768 2667 35

249 2690 374 2726 Deffic.
403 2693 433 2723 V
472 2692 477 2735 Ι
518 2691 584 2725 sub
610 2690 772 2736 imagine
797 2693 824 2724 1¹*
857 2692 862 2734 1
890 2690 1037 2724 rhombi
1062 2693 1092 2723 V
1117 2701 1184 2734 my.
1211 2701 1256 2725 m.
1282 2693 1326 2733 2,
1350 2689 1432 2724 robi
1455 2692 1483 2723 P
1508 2701 1553 2724 m.
1578 2693 1625 2726 2:
1646 2690 1770 2725 rumbi

247 2754 275 2783 Β
295 2753 325 2783 V
350 2749 431 2784 nibi
455 2753 483 2783 1²
507 2750 595 2785 hobi
621 2754 662 2792 N,
688 2751 700 2795 [Ι
737 2754 780 2785 36
811 2750 914 2784 tacet
938 2748 1132 2783 Canterus:
1159 2749 1257 2783 iacet
1283 2751 1307 2782 0
1337 2749 1350 2793 ΙΙ
1380 2750 1425 2783 38
1461 2747 1624 2783 concinit
1646 2751 1677 2782 V
1699 2760 1769 2795 my.

249 2821 292 2845 m.
320 2813 362 2845 2:
389 2808 557 2844 condidit
581 2811 606 2842 0
633 2809 691 2853 (cf.
722 2808 829 2843 Ouid.
856 2819 925 2842 am.
951 2806 1004 2841 111
1033 2811 1085 2848 12,
1113 2809 1148 2851 2)
1167 2808 1180 2852 ΙΙ
1199 2811 1244 2841 40
1270 2806 1428 2841 Garrula
1450 2809 1479 2840 r
1506 2808 1511 2852 Ι
1538 2806 1640 2843 locos
1666 2808 1725 2854 (cf.
1752 2808 1770 2842 I

251 2872 306 2911 19,
333 2869 369 2914 8)
393 2868 541 2913 scripsi:
570 2867 671 2902 lacus
698 2870 723 2902 0
750 2869 804 2912 (at
829 2867 870 2901 in
895 2867 978 2902 lacu
1002 2867 1094 2901 ratis
1117 2866 1246 2910 fatalis
1269 2865 1427 2910 uehitur)
