1936 3216
30 420 36 427 ι

23 563 46 582 ‘r

16 587 27 594 ,.

773 159 1110 197 PROLEGOMEN
1111 160 1155 197 A.
1661 163 1730 200 VII

198 282 323 324 num,
360 269 452 311 sine
490 268 620 311 dubio
657 269 726 311 uel
762 270 940 312 externo
980 270 1204 312 amborum
1242 270 1395 313 habitu
1435 271 1488 313 ad
1524 271 1729 314 iudicium

202 339 376 400 penitus
413 339 665 382 mutandum
702 340 827 382 facile
864 340 1015 383 adduci
1056 356 1101 384 se
1134 356 1288 397 passus
1319 342 1471 397 procul
1502 343 1729 386 abiecisset

202 409 541 467 Grom‘nganum‚
572 411 843 465 exosculatus
868 413 983 457 esset
1002 411 1378 459 Dauentriensem.
1427 415 1495 455 est
1519 414 1633 455 enim
1659 414 1729 456 hic

146 476 171 561 f
197 495 308 524 unus
353 495 404 524 ex
447 481 623 537 optimis
667 481 885 524 codicibus
922 481 1216 537 Propertianis
1255 482 1492 538 dignusque
1527 484 1599 539 qui
1634 487 1726 527 tan-
1754 543 1758 546 θ

197 551 295 595 dem
327 566 404 594 suo
435 551 638 594 reddatur
669 552 837 602 honori,
897 567 922 595 a
952 555 1116 596 rectore
1148 555 1367 609 gymnasii
1396 555 1727 599 Dauentriensis

196 621 250 664 A.
284 621 319 665 I.
348 621 572 679 Vitringa‚
614 623 687 678 qui
726 626 880 679 postea
919 626 1007 666 tres
1047 624 1165 667 locos
1205 625 1361 667 iterum
1402 626 1580 668 comiter
1619 627 1726 669 mihi

199 693 477 749 examinauit‚
507 694 591 737 huc
621 694 923 736 transmissum
955 695 1047 750 ipse
1079 711 1115 737 a.
1150 696 1262 739 1878
1295 697 1474 740 excussi.

318 763 387 806 Ex
427 764 576 807 eodem
614 765 750 821 igitur
786 766 946 808 saeculi
977 765 1081 808 XIV
1120 767 1353 822 exemplari
1388 768 1570 823 profecti
1606 776 1644 811 D
1682 773 1726 812 et

193 842 236 878 V
263 835 483 891 propriam
515 836 785 878 constituunt
822 835 1052 892 familiam,
1089 851 1197 892 quae
1227 837 1361 892 priori
1392 839 1456 881 illi
1487 837 1546 896 (A
1575 839 1630 896 Γ)
1662 841 1725 882 ita

192 920 246 948 ex
275 906 499 968 contrariq
528 908 594 948 est
631 906 833 962 opposita
870 910 919 949 ut
956 910 1103 949 tamen
1142 908 1294 950 ambae
1333 923 1384 950 ex
1427 925 1514 952 uno
1547 914 1724 965 parente

191 977 282 1020 sint
309 979 574 1033 procreatae.
634 977 839 1020 nimirum
869 978 1073 1035 quidquid
1112 979 1158 1020 in
1198 980 1346 1022 multis
1385 981 1608 1036 scripturis
1642 981 1725 1023 dis-

135 1103 137 1105 ,
191 1048 399 1104 sentiunt,
439 1048 484 1090 in
524 1048 724 1091 omnibus
764 1051 911 1091 tamen
948 1050 1076 1092 rebus
1109 1050 1379 1106 grauioribus
1412 1052 1594 1094 fideliter
1624 1068 1723 1095 con-

191 1118 372 1163 cordant
390 1119 741 1175 conspirantque3
776 1123 960 1176 suntque
991 1120 1305 1176 discrepantiae
1328 1122 1439 1164 tales
1466 1124 1613 1178 quales
1639 1124 1722 1165 cxi—

195 1192 307 1232 stere
326 1190 467 1233 solent
485 1190 559 1233 ubi
578 1190 690 1232 idem
709 1190 820 1233 liber
841 1206 867 1233 a
887 1191 1054 1234 duobus
1075 1192 1267 1234 diuersae
1287 1192 1447 1236 indolis
1473 1194 1722 1237 hominibus

193 1262 466 1306 describitur.

306 1333 376 1376 Ex
410 1332 480 1375 his
515 1335 720 1388 quattuor
760 1333 979 1376 codicibus
1009 1336 1123 1376 recte
1155 1333 1362 1376 adhibitis
1394 1332 1579 1391 (scilicet
1610 1336 1655 1377 in
1685 1342 1721 1378 F

189 1406 234 1448 et
261 1410 303 1447 V
332 1418 566 1460 numquam
598 1419 625 1447 a
654 1404 796 1459 prima
827 1419 959 1446 manu
997 1403 1190 1461 recedas)
1228 1407 1426 1447 uetustus
1465 1405 1721 1462 archetypus

186 1475 544 1532 redintegrandus
582 1481 658 1518 est.
720 1475 874 1531 ingens
912 1478 1058 1518 autem
1101 1476 1306 1518 uitiorum
1343 1476 1597 1531 multitudo,
1637 1492 1722 1533 qua

190 1545 256 1589 illi
298 1546 520 1602 laborant,
571 1560 666 1588 cum
709 1560 798 1588 non
850 1545 1020 1602 fugeret
1063 1547 1212 1589 doctos
1257 1547 1416 1589 saeculi
1453 1546 1536 1589 XV
1577 1547 1723 1604 Italos,

188 1617 425 1660 exfiterunt
450 1618 522 1672 qui
547 1617 700 1659 tollere
733 1619 937 1672 corrupta
968 1620 1012 1659 et
1040 1632 1304 1674 perpurgare
1335 1620 1501 1660 textum
1534 1620 1719 1675 suscipe·

186 1690 301 1744 rent;
330 1688 458 1744 idque
490 1688 655 1731 duobus
681 1687 821 1730 modis
849 1690 915 1731 est
944 1688 1119 1731 factum.
1169 1703 1271 1731 nam
1302 1691 1346 1731 et
1377 1690 1597 1732 accersitis
1624 1691 1720 1733 aliis

190 1759 314 1802 libris
347 1774 475 1802 suum
506 1759 686 1815 quisque
718 1759 907 1802 codicem
945 1760 1230 1802 emendabant
1262 1763 1326 1815 et,
1358 1761 1433 1802 ubi
1459 1760 1524 1802 illi
1549 1775 1717 1817 quoque

188 1830 446 1884 defecerunt,
471 1830 525 1872 ab
553 1831 726 1885 ingenio
751 1831 1026 1886 requirebant
1052 1831 1273 1873 auxilium.
1317 1831 1379 1873 sic
1404 1846 1558 1873 manus
1583 1831 1720 1874 altera

187 1904 231 1944 et
260 1902 306 1944 in
334 1908 371 1944 F
400 1901 589 1943 familiae
613 1908 651 1943 D
671 1907 712 1943 V
736 1902 944 1944 lectiones
977 1904 1020 1944 et
1051 1902 1097 1944 in
1122 1908 1164 1944 V
1189 1916 1262 1944 eas
1290 1916 1398 1958 quae
1422 1902 1542 1957 prior
1567 1902 1718 1945 classis

186 1973 383 2028 proprias
413 1972 547 2014 habet
576 1972 745 2028 intulit3
776 1975 1085 2028 praetereaque
1116 1974 1160 2015 et
1190 1973 1236 2015 in
1266 1979 1301 2015 F
1334 1975 1378 2015 et
1407 1973 1453 2014 in
1482 1979 1523 2015 V
1554 1974 1718 2016 multae

187 2044 366 2087 alterius
397 2057 552 2085 manus
584 2043 820 2098 scripturae
851 2043 1079 2098 habentur,
1111 2057 1220 2098 quae
1252 2058 1303 2084 ex
1328 2058 1448 2086 mera
1473 2045 1718 2087 coniectura

187 2116 232 2156 et
268 2116 432 2157 temera
476 2112 812 2168 interpolatione
859 2116 959 2156 sunt
1001 2114 1233 2169 profectae.
1297 2115 1409 2169 quod
1452 2115 1562 2157 nulli
1605 2116 1717 2158 foret

185 2184 356 2235 damno,
387 2183 426 2225 si
455 2182 621 2225 librarii
652 2183 927 2239 insequentes
958 2184 1037 2226 has
1068 2199 1220 2226 manus
1247 2185 1423 2227 alterius
1450 2189 1715 2229 correcturas

186 2257 232 2298 et
266 2255 350 2310 ipsi
386 2254 432 2296 in
467 2269 680 2297 nouorum
720 2254 1030 2310 exemplarium
1075 2256 1343 2312 marginibus
1380 2260 1716 2313 propagassent3

187 2326 261 2369 sed
297 2340 370 2368 eas
406 2325 452 2366 in
487 2324 630 2379 ipsum
667 2326 832 2367 textum
870 2326 1124 2381 recipientes
1163 2329 1207 2368 et
1247 2327 1353 2369 duas
1391 2327 1579 2370 familias
1618 2343 1715 2370 con-

185 2396 422 2439 fundebant
457 2395 856 2451 permiscebantque
897 2399 940 2438 et
980 2397 1212 2453 genuinam
1251 2397 1511 2452 scripturam
1553 2397 1715 2440 dabant

186 2467 405 2510 obliuioni.
454 2465 555 2508 hinc
585 2465 678 2508 nati
713 2468 815 2508 sunt
849 2467 1017 2509 codices
1048 2467 1314 2523 interpolati,
1345 2468 1397 2510 de
1423 2469 1575 2523 quibus
1601 2484 1714 2512 nunc

187 2537 400 2595 agendum
431 2540 511 2579 est.
561 2537 716 2579 horum
747 2539 891 2580 autem
924 2551 1080 2594 agmen
1110 2538 1244 2581 ducit:

302 2615 345 2651 N
382 2628 438 2642 =
476 2608 607 2651 codex
659 2608 764 2650 olim
806 2607 1141 2665 Neapolitanus,
1192 2625 1305 2654 nunc
1349 2610 1714 2666 Guelferbytanus

187 2679 387 2734 [Gudian.
406 2680 526 2734 224]‚
557 2679 749 2735 membr.‚
778 2679 942 2722 formae
969 2683 1148 2723 octauae
1174 2682 1362 2737 maioris,
1392 2682 1509 2723 foliis
1539 2682 1589 2723 71
1619 2682 1714 2724 sola

185 2750 399 2806 Propertii
436 2749 629 2792 carmina
660 2750 888 2805 praebens,
926 2751 983 2805 in
1001 2751 1147 2805 {rol-ite
1175 2753 1303 2806 titulo
1336 2755 1379 2794 et
1408 2767 1536 2807 porro
1570 2753 1710 2808 singu·
1732 2747 1734 2749 ¹
1759 2750 1762 2752 ’

185 2822 326 2865 lorum
355 2820 565 2862 librorum
598 2820 918 2877 carminumque
950 2823 1303 2883 igi—scriptionibus
1329 2838 1477 2877 carens
1504 2837 1556 2864 ne
1581 2823 1711 2865 inter·
1732 2856 1739 2873 5
1825 2864 1827 2866 .
1892 2867 1894 2869 ,
1934 2861 1936 2864 .

188 2891 318 2935 uallis
351 2890 520 2947 quidem
552 2890 725 2943 relictis,
756 2894 806 2933 ut
835 2893 980 2935 tamen
1005 2893 1160 2935 litteris
1187 2880 1426 2937 initialibus
1452 2894 1526 2936 ubi
1550 2909 1711 2937 nouum
1732 2900 1739 2905 '
