1898 3190
217 161 274 203 94
707 164 968 199 PROPERTII
993 165 1082 199 LIB.
1109 164 1153 199 ΙΙ.
1181 169 1236 200 32.

303 268 427 311 9Cur
457 270 576 313 uidet
608 272 798 314 accensis
831 272 1031 314 deuotam
1063 286 1231 314 currere
1261 273 1398 315 taedis

279 352 321 382 10
395 341 456 382 Te
487 357 638 384 nemus
670 345 713 384 et
744 343 914 385 Triuiae
947 343 1112 385 lumina
1142 344 1252 385 ferre
1285 343 1416 386 deae?

336 410 508 454 Scilicet
539 413 754 456 umbrosis
788 415 932 456 sordet
963 414 1171 469 Pompeia
1203 415 1411 457 columnis

394 481 590 525 Porticus
623 485 784 526 aulaeis
817 484 975 526 nobilis
1006 485 1230 539 Attalicis,

335 552 395 594 Et
426 554 587 595 crebris
619 555 780 608 pariter
811 556 1001 610 platanis
1034 556 1308 611 surgentibus
1342 556 1464 610 ordo,

394 623 594 666 Flumina
626 627 768 681 sopito
801 641 993 682 quaeque
1026 626 1204 669 Marone
1237 627 1395 668 cadunt

283 704 325 735 15
339 693 408 735 En
439 694 593 736 leuiter
623 697 810 752 lymphis
842 699 937 738 toto
969 698 1278 751 crepitantibus
1311 698 1431 752 orbe,

278 775 320 806 16
395 763 502 806 Cum
537 766 679 808 subito
713 767 867 809 Triton
899 782 971 809 ore
1002 768 1197 810 recondit
1228 769 1400 823 aquam!
1713 775 1734 794 ⁸

301 834 429 877 7Hoc
461 836 627 878 utinam
660 839 846 892 spatiare
878 839 993 892 loco,
1025 839 1319 895 quodcumque
1350 839 1544 894 uacabis,

300 916 320 946 8
396 904 601 961 Cynthia!
635 908 708 949 sed
739 908 821 950 tibi
853 923 920 950 me
953 909 1123 950 credere
1155 909 1282 951 turba
1312 912 1448 951 uetat:

280 987 321 1017 17
338 974 491 1032 Fallis,
524 980 567 1019 et
597 979 683 1020 ista
714 978 778 1020 tui
809 979 970 1020 furtum
1002 980 1074 1020 uia
1105 981 1530 1022 monstrat-amoris:

395 1046 497 1089 Non
529 1049 696 1100 urbem,
728 1049 918 1103 demens,
950 1049 1114 1091 lumina
1145 1053 1295 1091 nostra
1326 1050 1460 1107 fugis!

335 1116 410 1159 Nil
443 1119 558 1173 agis,
591 1119 769 1161 insidias
802 1120 847 1161 in
877 1135 945 1162 me
978 1121 1201 1174 componis
1234 1121 1401 1176 inanes,

280 1199 325 1230 20
399 1188 556 1231 Tendis
588 1190 702 1232 iners
736 1191 862 1233 docto
894 1191 1005 1232 retia
1037 1194 1141 1233 nota
1172 1191 1288 1232 mihi.

335 1257 416 1300 Sed
450 1260 501 1301 de
534 1275 600 1302 me
633 1262 774 1303 minus
807 1264 888 1303 est:
920 1262 1061 1303 famae
1093 1262 1259 1303 iactura
1290 1262 1471 1316 pudicae

394 1329 535 1372 Tanta
566 1332 649 1374 tibi
680 1333 879 1387 miserae,
912 1335 1072 1387 quanta
1103 1335 1312 1387 meretur,
1344 1333 1436 1375 erit.

334 1401 483 1455 Nuper
515 1402 630 1443 enim
663 1403 713 1444 de
744 1404 788 1444 te
819 1405 1012 1445 nostram
1045 1403 1218 1444 deuenit
1248 1404 1300 1445 ad
1333 1418 1478 1446 aurem

393 1473 556 1515 Rumor
587 1478 630 1515 et
660 1474 705 1515 in
736 1476 831 1515 tota
861 1488 948 1516 non
978 1474 1117 1516 bonus
1150 1475 1254 1516 urbe
1284 1473 1377 1515 fuit.

276 1554 320 1585 25
337 1542 432 1585 ‘Sed
465 1547 513 1586 tu
544 1558 631 1586 non
662 1544 790 1586 debes
822 1544 1022 1586 inimicae
1054 1545 1225 1587 credere
1256 1545 1448 1600 linguae:
1503 1542 1506 1544 ’

395 1614 571 1670 Semper
603 1615 804 1657 formosis
836 1615 986 1657 fabula
1016 1630 1157 1670 poena
1187 1615 1298 1657 fuit?

334 1685 433 1728 Non
464 1689 541 1728 tua
574 1687 782 1742 deprenso
815 1687 1018 1728 damnata
1049 1688 1115 1728 est
1146 1686 1263 1728 fama
1293 1701 1457 1729 ueneno

393 1756 552 1812 (Testis
585 1758 667 1799 eris
699 1772 849 1812 puras,
879 1756 1071 1812 Phoebe,
1102 1757 1246 1799 uidere
1278 1756 1473 1814 manus);

1557 1756 1581 1767 s

309 1945 400 1982 VAB.
428 1958 527 1981 mor.
590 1957 652 1980 uu.
682 1949 700 1980 7
727 1949 759 1980 et
784 1948 805 1980 8
828 1949 911 1990 post
939 1949 981 1980 16
1014 1946 1142 1980 traieci
1174 1946 1235 1990 (cf.
1264 1945 1374 1980 Misc.
1402 1945 1490 1981 Urit.
1514 1957 1552 1990 p.
1579 1947 1638 1991 94)
1673 1947 1686 1992 ΙΙ
1722 1950 1743 1981 9

218 2004 292 2040 Cur
315 2006 464 2050 scripsi:
491 2005 582 2040 Cum
609 2008 633 2038 0
656 2007 661 2048 Ι
682 2004 807 2039 thedis
832 2008 859 2037 F
889 2005 902 2049 ΙΙ
935 2008 978 2039 10
1004 2004 1056 2038 Te
1080 2004 1227 2048 scripsi:
1254 2003 1296 2038 In
1322 2006 1347 2037 0
1377 2004 1390 2048 ΙΙ
1419 2007 1461 2039 11
1488 2005 1657 2050 colfipnis
1681 2008 1708 2038 F
1733 2005 1745 2051 ΙΙ

219 2068 262 2099 12
288 2065 474 2109 attaylicis
499 2067 526 2097 F
552 2063 700 2098 attaicis
726 2066 757 2096 N
793 2064 806 2107 ΙΙ
845 2067 886 2098 13
914 2062 1052 2098 crebris
1077 2063 1224 2107 scripsi:
1251 2061 1378 2097 creber
1404 2065 1429 2096 0
1455 2063 1600 2098 celeber
1624 2064 1741 2098 Hein-

218 2124 297 2158 sius
343 2125 347 2167 Ι
394 2124 490 2158 ereb.
517 2135 595 2168 par.
622 2123 711 2167 plat.
738 2127 766 2156 D
785 2125 832 2156 V:
866 2122 963 2157 oreb.
989 2121 1079 2166 plat.
1106 2131 1184 2166 par.
1210 2120 1436 2164 (pariterque
1461 2132 1506 2156 m.
1533 2124 1574 2166 2)
1599 2125 1626 2154 F
1651 2122 1743 2166 plat.

216 2182 313 2218 ereb.
340 2193 417 2227 par.
443 2185 475 2215 Ν
509 2183 513 2226 Ι
548 2181 783 2227 surgentibus
810 2181 1076 2225 Galphur‘nius:
1103 2178 1320 2224 urgentibus
1347 2181 1372 2212 0
1406 2181 1412 2223 Ι
1453 2179 1746 2215 crebri—horti

216 2241 479 2284 Marklandu83
506 2242 567 2276 sed
591 2241 636 2284 cf.
663 2241 706 2274 de
730 2251 800 2274 usu
824 2240 925 2275 uocis
951 2239 1040 2274 ordo
1067 2238 1101 2273 II
1125 2242 1180 2282 13,
1206 2241 1250 2272 23
1270 2238 1283 2282 ss
1303 2241 1347 2272 14
1373 2248 1549 2283 suspenso
1577 2250 1743 2284 quaeque

215 2300 358 2335 Anione
386 2301 637 2335 Marklandus
658 2299 963 2344 perprobabiliter
986 2300 998 2343 ΙΙ
1030 2302 1073 2333 15
1100 2298 1155 2332 En
1181 2308 1258 2342 eqo:
1284 2295 1333 2331 Et
1359 2299 1383 2330 0
1410 2296 1483 2332 Tot
1507 2298 1603 2333 Itali
1623 2301 1628 2343 Ι
1649 2298 1743 2343 lym-

214 2359 299 2404 phis
326 2370 368 2396 ςε
395 2357 569 2404 nymphis
594 2362 622 2392 F
642 2361 671 2391 V
696 2358 879 2403 nymphas
904 2361 932 2390 D
959 2356 1123 2402 nimphis
1148 2359 1180 2390 Ν
1219 2357 1225 2400 l
1264 2357 1346 2391 toto
1367 2376 1408 2380 —
1431 2355 1519 2391 orbe
1545 2355 1739 2392 Heinsius:

214 2420 296 2453 tota
317 2438 358 2443 —
380 2418 470 2452 urbe
496 2420 520 2451 0
558 2418 571 2462 ΙΙ
610 2421 652 2451 16
691 2416 854 2451 refundit
886 2416 1080 2458 Heinsiu83
1117 2416 1240 2450 malim
1265 2414 1425 2450 recludit
1449 2415 1519 2459 (ita
1542 2419 1575 2450 et
1599 2418 1635 2460 ς)
1671 2417 1684 2461 ΙΙ
1722 2420 1741 2451 7

216 2476 383 2522 spaciare
408 2482 436 2511 n
455 2481 504 2512 V:
532 2476 690 2522 spatiere
715 2480 742 2509 F
769 2475 933 2521 spaciere
958 2478 988 2508 V
1012 2486 1056 2509 m.
1084 2479 1128 2518 2,
1154 2478 1186 2508 N
1207 2476 1211 2519 Ι
1235 2485 1429 2519 quocumq;
1454 2473 1610 2520 uagabis
1636 2475 1670 2518 (b
1697 2486 1741 2510 ex

214 2538 321 2580 corr.)
347 2540 392 2579 F,
418 2536 565 2581 uagaris
591 2546 612 2573 ς
631 2537 643 2580 ΙΙ
662 2539 683 2570 8
710 2536 774 2570 sed
801 2538 842 2570 0:
867 2546 952 2569 nam
981 2546 1001 2571 ς
1035 2535 1040 2580 Ι
1071 2534 1142 2569 tibi
1167 2545 1225 2569 me
1250 2538 1278 2568 D
1297 2536 1343 2567 V:
1369 2533 1483 2568 timeo
1508 2537 1535 2567 F
1560 2534 1651 2570 time
1676 2537 1708 2568 Π
1735 2534 1738 2581 Ι

213 2597 325 2630 uocat
338 2598 369 2628 N
383 2596 391 2641 ᾖ(
409 2600 450 2630 17
471 2595 586 2630 Fallis
601 2597 640 2630 et
658 2595 806 2639 scripsi:
832 2593 986 2628 Falleris
1007 2596 1032 2627 0
1052 2593 1178 2628 Fallor
1197 2594 1235 2628 et
1254 2593 1513 2627 Lachmannus
1526 2591 1538 2638 ΙΙ
1552 2596 1598 2627 20
1617 2592 1742 2628 inhers

214 2658 246 2689 et
268 2655 349 2689 tota
367 2657 394 2687 F
413 2655 487 2702 1121
508 2654 609 2688 fama
628 2654 650 2690 i.
672 2652 875 2698 pudicitiae
895 2655 927 2686 N
941 2652 952 2698 Η
966 2656 1009 2686 22
1030 2653 1191 2687 meretur
1209 2654 1258 2685 N:
1278 2651 1429 2685 mereris
1449 2653 1474 2684 0
1491 2650 1495 2698 1
1511 2651 1582 2685 eris
1596 2655 1623 2685 Ε
1636 2663 1680 2686 m.
1695 2652 1742 2698 131

213 2718 258 2748 23
279 2715 444 2748 nostram
475 2723 554 2757 eqo:
593 2713 720 2747 nostra
741 2715 766 2746 0
797 2713 942 2747 nostras
966 2715 993 2744 F
1019 2723 1063 2746 m.
1084 2714 1110 2746 2
1140 2710 1144 2757 1
1174 2710 1325 2745 deuenit
1341 2710 1489 2756 scripsi:
1514 2720 1574 2744 me
1600 2709 1743 2754 l(a)edit

215 2775 242 2805 F
261 2775 292 2805 N
318 2775 364 2817 (et
388 2775 417 2805 V
442 2783 487 2806 m.
514 2773 554 2815 2)
580 2782 639 2806 me
664 2771 820 2815 l(a)edet
847 2775 875 2804 D
895 2773 924 2804 V
949 2770 1120 2815 peruenit
1145 2780 1166 2807 ς
1191 2768 1365 2814 peruadit
1387 2768 1565 2803 Heinsius
1595 2780 1741 2814 praece-

214 2829 270 2864 dit
296 2830 505 2865 Husehkius
526 2831 531 2875 Ι
553 2841 681 2865 aurem
707 2841 786 2875 eqo:
813 2840 900 2864 aure
925 2833 952 2862 F
977 2839 1085 2863 aures
1110 2828 1203 2863 idem
1227 2839 1272 2862 m.
1299 2831 1324 2863 2
1349 2832 1378 2860 1)
1397 2830 1429 2860 Π
1447 2830 1478 2860 V
1507 2828 1521 2873 ΙΙ
1549 2831 1593 2862 25
1619 2828 1677 2873 tu]
1702 2828 1741 2862 te

221 2890 383 2934 Scaliyer
405 2890 410 2934 Ι
433 2889 563 2924 cedere
597 2889 796 2924 Wakkerus
814 2891 826 2934 ΙΙ
845 2882 889 2924 26
915 2887 1002 2934 fuit]
1029 2887 1102 2923 tuis
1129 2890 1160 2921 N
1178 2888 1190 2932 ΙΙ
1209 2891 1254 2922 28
1279 2898 1372 2932 pura.
1397 2889 1429 2920 N
1453 2897 1498 2922 m.
1523 2890 1544 2921 1
