1898 3190
240 149 298 190 30
694 150 956 186 PROPERTII
982 151 1070 186 LIB.
1098 152 1124 186 Ι.
1153 155 1206 187 18.
1235 155 1290 186 19.

357 257 416 312 Α,
446 260 523 300 tua
555 260 658 313 quot
689 259 857 313 peperit
887 259 1012 301 nobis
1044 259 1201 300 iniuria
1232 274 1373 312 curas,

419 328 536 379 Quae
569 329 709 371 solum
740 330 882 371 tacitis
915 330 1090 386 cognita
1123 332 1223 372 sunt
1248 330 1386 379 foliis!

300 410 344 441 25
360 398 516 441 Omnia
548 400 751 442 consueui
781 401 958 443 timidus
989 400 1178 456 perferre
1212 402 1421 456 superbae

417 470 558 526 Iussa,
589 485 725 526 neque
758 473 912 527 arguto
945 471 1059 514 facta
1091 472 1237 515 dolore
1269 473 1399 527 queri.

357 541 442 584 Pro
475 557 559 597 quo
592 542 760 584 dumosi
789 545 960 602 montes
993 545 1036 584 et
1066 543 1226 599 frigida
1255 558 1384 598 rupes

416 613 476 655 Et
507 613 634 655 datur
663 614 828 656 inculto
859 615 1032 656 tramite
1066 614 1172 657 dura
1203 615 1339 670 quies;

357 685 416 726 Et
447 685 742 740 quodcumque
773 700 893 727 meae
925 688 1109 740 possunt
1138 701 1313 728 narrare
1344 686 1575 742 querellae,

298 766 343 797 30
418 754 561 811 Cogor
591 758 640 797 ut
672 759 849 812 argutae
881 756 1019 798 dicere
1051 757 1167 799 solus
1200 772 1314 799 aues.

361 825 444 868 Sed
479 827 800 882 qualiscumque
833 842 895 882 es,
926 830 1127 870 resonent
1158 828 1265 870 mihi
1297 827 1515 884 ‘Cynthia'
1546 828 1700 883 siluae,

416 896 508 940 Nec
539 898 707 940 deserta
737 901 813 941 tuo
844 899 1015 941 nomine
1047 914 1151 941 saxa
1181 901 1344 942 uacent.

936 1173 1059 1222 XIX.

356 1276 456 1320 Non
488 1292 568 1334 ego
601 1292 714 1319 nunc
746 1278 892 1320 tristes
924 1292 1094 1333 uereor,
1124 1293 1221 1320 mea
1253 1276 1458 1335 Cynthia,
1488 1278 1656 1334 Manes,

355 1342 359 1345 ⁴
411 1346 503 1391 Nec
534 1364 681 1392 moror
712 1351 902 1391 extremo
935 1349 1080 1391 debita
1110 1349 1203 1392 fata
1233 1364 1360 1407 rogo:

357 1419 439 1462 Sed
470 1435 522 1462 ne
554 1421 666 1464 forte
695 1423 771 1463 tuo
804 1423 950 1463 careat
979 1420 1086 1463 mihi
1117 1421 1246 1463 funus
1278 1435 1443 1477 amore,

412 1490 496 1532 Hic
527 1492 658 1534 timor
689 1494 755 1534 est
785 1492 893 1546 ipsis
926 1491 1072 1534 durior
1103 1492 1305 1548 exequiis.

318 1561 453 1604 5Non
486 1562 591 1604 adeo
622 1562 777 1604 leuiter
807 1563 966 1604 nostris
998 1577 1105 1618 puer
1134 1563 1276 1606 haesit
1307 1563 1471 1618 ocellis,

412 1632 474 1675 Ut
504 1647 623 1675 meus
657 1633 791 1686 oblito
823 1634 967 1689 puluis
1000 1648 1144 1676 amore
1176 1636 1312 1676 uacet.

352 1703 447 1746 Illic
478 1703 733 1760 Phylacides
765 1705 973 1747 iocundae
1005 1706 1199 1762 coniugis
1230 1706 1357 1748 heros

411 1775 512 1818 Non
542 1776 686 1830 potuit
718 1776 855 1818 caecis
886 1777 1100 1819 inmemor
1131 1792 1222 1819 esse
1254 1777 1379 1832 locis,

352 1847 434 1890 Sed
466 1847 644 1903 cupidus
675 1848 797 1890 falsis
830 1849 1045 1904 attingere
1078 1849 1234 1905 gaudia
1265 1849 1422 1904 palmis

289 1929 332 1960 10
409 1918 629 1960 Thessalis
663 1919 883 1974 antiquam
915 1922 1094 1962 uenerat
1124 1920 1277 1962 umbra
1308 1920 1492 1963 domum.

352 1990 445 2032 Illic
478 1990 683 2046 quidquid
716 2006 806 2045 ero,
837 2005 1005 2046 semper
1035 1994 1111 2033 tua
1142 1991 1259 2034 dicar
1288 1992 1451 2047 imago:

411 2061 573 2103 Traicit
605 2064 647 2103 et
677 2062 758 2103 fati
790 2061 920 2105 litora
950 2076 1133 2119 magnus
1165 2078 1298 2105 amor.

325 2226 415 2261 VAR.
442 2238 540 2262 mser.
609 2230 653 2261 23
698 2226 755 2260 Ah
788 2227 854 2261 tua.
885 2227 976 2272 quot
1001 2236 1038 2264 ςε
1073 2228 1132 2262 An
1162 2228 1226 2262 tua
1256 2226 1355 2272 quod
1381 2230 1405 2260 0
1441 2227 1500 2272 (cf.
1529 2228 1639 2264 Mise.
1666 2227 1756 2264 Urit.

230 2285 251 2320 l.
282 2286 319 2330 l.)
350 2286 362 2330 ΙΙ
393 2290 438 2320 24
463 2285 563 2321 foliis
588 2287 720 2331 scripsi
745 2287 767 2322 l.
795 2287 837 2321 L:
863 2286 1004 2322 foribus
1030 2290 1054 2321 0
1086 2288 1099 2332 ΙΙ
1129 2291 1175 2322 26
1201 2286 1300 2322 fassa
1323 2290 1351 2320 F
1375 2298 1420 2321 m.
1447 2289 1467 2321 1
1500 2288 1513 2331 ΙΙ
1542 2290 1587 2322 27
1613 2286 1756 2323 dumosi

231 2345 376 2380 montes
402 2345 597 2380 Heinsius:
623 2344 742 2380 diuini
766 2346 888 2381 fontes
915 2348 938 2379 0
965 2345 1112 2381 decidui
1138 2345 1260 2381 fontes
1286 2346 1524 2390 FonteiMus,
1549 2346 1618 2381 alii
1642 2346 1720 2382 alia
1743 2345 1756 2392 ΙΙ

231 2407 275 2438 28
302 2403 454 2439 tramite
478 2409 507 2438 D
527 2407 557 2438 V
575 2405 587 2450 ss
606 2409 662 2449 29,
683 2408 728 2439 30
754 2405 806 2440 Ut
824 2426 867 2430 —
889 2403 1009 2450 Cogar
1033 2405 1255 2441 Fonteinius
1277 2407 1282 2451 Ι
1306 2405 1494 2451 querellae
1518 2411 1565 2449 1),
1590 2408 1621 2439 V
1645 2417 1690 2441 m.
1714 2409 1755 2441 1:

158 2461 161 2462 ⁷
230 2463 435 2508 querel(a)e
461 2464 566 2499 ceteri
596 2465 608 2509 ΙΙ
639 2468 685 2499 30
717 2465 760 2498 ut
785 2465 941 2510 argutae
965 2465 1098 2509 scripsi
1122 2465 1143 2500 l.
1171 2465 1211 2501 L:
1238 2464 1294 2509 ad,
1311 2465 1461 2510 argutas
1488 2467 1512 2498 0
1543 2465 1556 2510 ΙΙ
1585 2469 1629 2500 31
1655 2476 1757 2501 reso-

230 2523 394 2567 nant³A,
413 2527 440 2556 F
465 2535 510 2558 m.
537 2527 557 2557 1
582 2524 587 2566 Ι
608 2522 679 2557 tibi
702 2527 730 2556 F
755 2534 799 2558 m.
825 2526 847 2558 1
867 2524 879 2568 ΙΙ
898 2526 942 2558 32
967 2522 1092 2558 iacent
1115 2526 1147 2557 N
1171 2535 1216 2559 m.
1241 2527 1262 2558 1

326 2593 422 2629 XIX.
471 2594 585 2629 Noua
610 2594 723 2639 eleyia
747 2605 828 2630 cum
852 2595 958 2629 titulo
983 2594 1032 2629 ad
1057 2594 1248 2639 cynthiam
1272 2595 1314 2630 in
1339 2597 1363 2628 0
1388 2596 1401 2640 ΙΙ
1427 2598 1446 2629 1
1472 2606 1548 2630 11011
1571 2594 1700 2631 tristos
1723 2598 1756 2629 R

232 2664 276 2690 m.
303 2657 323 2688 1
351 2655 363 2697 ΙΙ
387 2658 408 2688 3
434 2652 527 2688 1111111
553 2653 678 2688 eareat
702 2657 729 2686 F
755 2665 800 2688 m.
826 2658 846 2688 1
876 2654 888 2698 ΙΙ
913 2657 935 2688 4
961 2653 1147 2698 obsequiis
1171 2657 1198 2687 F
1224 2665 1269 2689 m.
1294 2657 1315 2688 1
1342 2654 1355 2698 ΙΙ
1378 2657 1399 2688 5
1424 2653 1560 2689 nostris
1585 2657 1616 2687 V
1639 2666 1684 2690 m.
1709 2656 1754 2690 2:

229 2713 355 2748 noster
381 2715 405 2746 0
425 2713 438 2757 ΙΙ
457 2717 476 2748 ’1
503 2712 640 2757 philac.
668 2716 692 2746 0
712 2714 724 2758 ΙΙ
743 2716 858 2748 8—-11
885 2723 951 2748 om.
971 2716 998 2746 F
1017 2713 1029 2757 ΙΙ
1047 2716 1068 2747 8
1093 2713 1289 2748 immemor
1313 2715 1343 2746 A
1363 2716 1392 2746 1>
1411 2715 1440 2746 V
1458 2713 1471 2758 ΙΙ
1490 2717 1511 2748 9
1537 2713 1704 2759 cupidus,
1729 2725 1754 2748 u

229 2783 273 2806 m.
300 2775 326 2808 2
352 2772 393 2806 in
417 2782 490 2807 ras.
517 2774 546 2805 V
577 2773 589 2817 ΙΙ
623 2775 665 2806 10
691 2771 880 2808 Thessalis
903 2777 931 2806 Ι)
951 2775 997 2807 V:
1025 2772 1253 2817 'r(h)essa1us
1278 2775 1308 2806 Δ
1326 2775 1358 2806 Ν
1389 2777 1394 2816 Ι
1427 2764 1582 2808 uenerat
1605 2775 1636 2807 Δ
1653 2776 1686 2807 Π
1710 2775 1754 2818 (V

229 2842 273 2865 m.
299 2832 358 2875 2):
387 2831 561 2866 uerberat
585 2834 613 2864 D
633 2833 679 2873 V3
707 2832 792 2866 latet
816 2832 923 2867 aliud
947 2833 1047 2876 (num
1066 2831 1239 2877 peruolat
1256 2831 1290 2877 ?)
1316 2833 1329 2877 ΙΙ
1355 2835 1396 2866 11
1425 2831 1579 2876 quiquid
1598 2834 1628 2866 Δ
1653 2831 1752 2876 quic-

229 2889 318 2934 quid
343 2893 375 2923 N
397 2891 402 2934 Ι
423 2901 558 2935 ymago
584 2892 613 2923 Δ
631 2891 644 2935 ΙΙ
666 2894 707 2925 12
733 2890 819 2925 fatti
844 2894 874 2924 V
898 2902 943 2926 m.
968 2894 988 2925 1

1884 2801 1898 3068 —sss—n...-.d„1„....
1895 2778 1898 2782 1
1896 2723 1898 2727 .
