1898 3190
241 134 297 175 38
744 131 1006 168 PROPERTII
1029 131 1118 166 121ss.
1144 131 1190 167 ΙΙ.
1219 136 1249 167 1.

420 242 631 297 Actiaque
662 242 707 283 in
739 240 870 283 Sacra
901 254 1070 283 currere
1102 242 1245 282 rostra
1276 239 1379 292 Via,

301 325 346 356 35
362 314 422 356 Te
454 328 550 355 mea
580 313 706 355 Musa
737 313 824 354 illis
857 326 1025 367 semper
1057 313 1303 354 contexeret
1334 311 1484 366 armis,

420 385 479 426 Et
511 387 684 439 sumpta
716 386 759 425 et
789 383 934 438 posita
963 397 1066 437 pace
1097 382 1223 424 fidele
1254 384 1402 436 caput,

362 455 553 498 Theseus
585 457 635 497 ut
664 454 816 509 lamis,
849 454 1013 508 superis
1044 455 1230 495 testatur
1261 444 1473 504 Achilles,

407 526 503 587 ¹Hic
533 526 779 581 Ixioniden,
810 526 883 567 ille
914 523 1227 567 Menoetiaden.
1426 517 1435 525 ⁴

365 598 447 639 Sed
478 611 616 653 neque
647 597 910 653 Phlegraeos
943 595 1059 638 Iouis
1092 594 1382 650 Enceladique
1414 594 1624 636 tumultus

304 679 349 710 40
422 668 597 710 Intonet
628 670 814 723 angusto
847 669 1019 721 pectore
1053 666 1364 720 Callimachus,

362 738 453 781 Nec
484 754 581 780 mea
612 739 875 782 conueniunt
905 738 1011 780 duro
1044 736 1295 791 praecordia
1324 751 1454 778 uersu

424 809 622 852 Caesaris
653 811 699 852 in
729 810 945 865 Phrygios
977 807 1158 851 condere
1189 821 1348 849 nomen
1379 822 1494 850 auos.

363 880 527 923 Nauita
558 882 608 923 de
639 882 798 936 uentis,
830 880 881 922 de
912 880 1048 922 tauris
1079 881 1230 921 narrat
1261 880 1426 934 arator,

421 951 661 994 Enumerat
691 953 814 994 miles
846 952 1048 1004 uulnera,
1078 953 1230 1005 pastor
1261 964 1385 1004 oues,

305 1034 349 1064 45
363 1022 455 1066 Nos
488 1026 639 1066 contra
671 1025 855 1078 angusto
887 1024 1108 1064 uersantes
1141 1021 1306 1076 praelia
1335 1021 1466 1063 lecto:

424 1093 519 1143 Qua
549 1097 651 1150 pote
684 1094 878 1150 quisque,
909 1093 956 1135 in
988 1108 1038 1135 ea
1069 1094 1265 1135 conterat
1296 1093 1388 1133 arte
1420 1091 1543 1133 diem.

365 1164 479 1207 Laus
511 1165 556 1207 in
589 1179 733 1208 amore
765 1165 891 1207 mori:
921 1165 1016 1206 laus
1049 1164 1203 1217 altera,
1235 1164 1272 1205 si
1304 1163 1431 1205 datur
1460 1163 1536 1205 uni
1574 1210 1579 1214 ,

424 1235 556 1278 Posse
587 1236 692 1277 frui:
723 1235 843 1277 fruar
873 1250 898 1277 o
931 1236 1048 1277 solus
1081 1249 1226 1277 amore
1258 1235 1372 1276 meo!

367 1305 411 1348 Si
443 1307 636 1362 memini,
669 1308 779 1349 solet
809 1307 886 1348 illa
916 1306 1026 1348 leuis
1059 1306 1229 1361 culpare
1260 1305 1445 1361 puellae,

307 1387 353 1419 50
425 1376 484 1418 Et
514 1380 656 1420 totam
688 1392 740 1419 ex
770 1377 937 1419 Helena
967 1391 1056 1419 non
1086 1375 1245 1431 probat
1274 1374 1425 1417 Iliada.

370 1447 451 1491 Seu
484 1449 592 1490 mihi
625 1450 727 1491 sunt
756 1448 976 1503 tangenda
1005 1461 1217 1489 nouercae
1248 1445 1404 1501 pocula
1434 1445 1673 1502 Phaedrae,

303 1510 308 1514 ⁴
426 1519 588 1562 Pocula
618 1519 820 1575 priuigno
850 1532 940 1561 non
969 1519 1168 1561 nocitura
1199 1531 1295 1572 suo,

368 1589 451 1632 Seu
483 1589 592 1631 mihi
624 1588 800 1632 Circaeo
832 1589 1095 1644 pereundum
1127 1589 1194 1630 est
1224 1587 1418 1643 gramine
1450 1587 1542 1630 siue

430 1659 606 1703 Colchis
638 1660 833 1703 Iolciacis
864 1663 963 1702 urat
995 1659 1134 1702 ahena
1166 1660 1292 1702 focis:

313 1742 357 1774 55
371 1731 471 1775 Una
501 1747 620 1774 meos
654 1731 857 1787 quoniam
889 1731 1098 1785 praedata
1130 1732 1196 1772 est
1226 1730 1389 1772 femina
1420 1744 1590 1786 sensus,

428 1803 496 1845 Ex
524 1803 607 1846 hac
639 1803 849 1845 ducentur
878 1803 1030 1845 funera
1059 1804 1207 1845 nostra
1241 1800 1381 1843 domo.

345 1908 436 1944 Vin.
463 1922 561 1944 Lacr.
612 1911 656 1944 35
683 1906 889 1944 contexerit
913 1909 956 1951 0,
982 1917 1074 1942 corr.
1095 1915 1117 1944 ς
1134 1906 1148 1950 ΙΙ
1166 1909 1211 1941 36
1236 1917 1368 1951 pacem
1386 1908 1418 1940 11
1439 1917 1484 1942 m.
1505 1910 1526 1941 1
1549 1906 1555 1951 1
1577 1906 1698 1952 capud
1715 1910 1746 1942 A
1765 1906 1778 1954 ΙΙ

252 1973 295 2004 37
323 1970 366 2004 ut
389 1969 505 2004 laruis
531 1968 723 2014 temptaui:
762 1965 916 2002 infernis
942 1969 986 2011 0,
1016 1976 1086 2011 quo
1112 1969 1246 2001 retento
1281 1976 1349 2001 ceu
1373 1965 1474 2000 fatur
1498 1965 1777 2009 Lachmannus;

251 2029 493 2064 Burmannus
527 2027 708 2063 distichon
742 2029 855 2062 totum
890 2026 1042 2062 aliunde
1076 2025 1250 2069 inlatum,
1285 2024 1508 2060 Fonteinius
1541 2027 1574 2060 et
1603 2023 1780 2060 Struuius

251 2088 387 2133 aliique
418 2088 587 2133 spurium
617 2087 764 2130 habent3
786 2085 947 2133 ,Keilius
978 2088 1062 2120 ante
1087 2088 1131 2120 37
1164 2084 1343 2119 distichon
1373 2084 1597 2119 intercidisse
1621 2087 1734 2130 putat
1767 2082 1781 2130 ΙΙ

252 2151 297 2183 38
323 2146 549 2193 hyxioniden
574 2149 621 2191 A,
647 2144 858 2181 exionidem
885 2144 971 2190 (hix.
993 2153 1037 2179 m.
1058 2145 1098 2188 2)
1118 2147 1145 2177 F
1178 2144 1184 2188 Ι
1212 2141 1453 2178 mencciaden
1478 2145 1507 2177 A
1526 2146 1558 2176 N
1577 2146 1607 2177 V
1633 2154 1781 2179 menea-

252 2207 359 2243 ciden
389 2211 418 2240 D
437 2210 464 2240 F
499 2206 623 2251 (huius
654 2216 720 2251 my.
755 2203 983 2249 meneciade)
1031 2205 1044 2249 ΙΙ
1086 2207 1131 2238 39
1174 2203 1311 2249 neque]
1343 2202 1445 2247 illeq;
1479 2205 1559 2247 (my.
1585 2203 1666 2247 nec)
1697 2205 1726 2235 F
1773 2200 1778 2248 Ι

252 2267 408 2312 flegreos
435 2268 459 2299 0
482 2264 487 2311 Ι
510 2264 651 2300 enchel.
678 2268 711 2299 et
734 2267 761 2297 F
787 2266 819 2299 et
843 2265 873 2296 V
898 2274 942 2297 m.
969 2266 994 2298 2
1022 2263 1036 2307 ΙΙ
1065 2266 1111 2297 40
1137 2261 1336 2297 calimacus
1361 2264 1389 2294 F
1418 2262 1431 2307 ΙΙ
1465 2265 1510 2298 41
1535 2259 1781 2306 praeueniunt

253 2329 282 2359 A
301 2329 328 2359 F
365 2326 377 2370 ΙΙ
413 2329 457 2360 42
484 2323 615 2369 frigios
639 2326 670 2357 A
687 2327 715 2357 Ι·
745 2324 758 2369 ΙΙ
794 2326 840 2357 44
865 2322 914 2356 Et
939 2321 1111 2356 numerat
1133 2324 1165 2355 Ν
1193 2321 1207 2366 [Ι
1237 2324 1281 2356 45
1308 2322 1466 2365 augusto
1490 2323 1518 2357 1²
1552 2321 1558 2365 1
1589 2330 1780 2355 uersamus

261 2385 409 2420 Volscus
434 2382 617 2418 uersantis
641 2382 687 2418 L.
717 2382 918 2417 Muellerus
947 2382 960 2426 ΙΙ
991 2384 1035 2415 46
1069 2390 1151 2415 mea
1177 2381 1274 2424 (meo
1300 2391 1344 2414 m.
1371 2380 1412 2424 2)
1438 2380 1611 2415 concreat
1633 2382 1662 2413 P
1690 2379 1704 2425 ss
1735 2382 1779 2414 47

253 2444 317 2479 uni
342 2443 554 2488 Hoeufftius
579 2445 611 2477 et
636 2442 686 2476 H.
712 2442 891 2477 Bosscha:
923 2452 995 2475 uno
1022 2443 1047 2473 0
1073 2439 1153 2473 laus
1181 2438 1212 2473 si
1237 2438 1348 2474 datur
1372 2438 1492 2474 altera
1516 2438 1603 2473 uiuo
1628 2448 1650 2476 ς
1685 2438 1699 2483 ΙΙ
1735 2442 1779 2473 49

253 2503 318 2538 1110
343 2507 371 2536 1)
391 2505 420 2535 V
449 2502 454 2546 Ι
482 2501 577 2537 leuis
601 2505 630 2535 Ι)
649 2505 676 2535 F
695 2504 740 2535 V:
769 2501 871 2535 leu··s
897 2503 926 2534 A
945 2502 976 2533 Ν
994 2500 1006 2544 ΙΙ
1026 2502 1070 2534 50
1103 2498 1209 2533 elena
1235 2501 1262 2531 Ε
1298 2499 1311 2543 ΙΙ
1348 2501 1391 2533 51
1424 2499 1510 2532 sunt
1532 2500 1563 2531 A
1580 2500 1609 2531 r
1626 2500 1675 2532 R:
1707 2497 1782 2532 sint

254 2579 282 2608 1)
301 2577 331 2607 V
353 2573 358 2620 Ι
381 2557 502 2618 9110ᾱέ
527 2575 558 2606 A
582 2572 708 2608 fedrae
732 2577 760 2606 1>
779 2574 809 2605 V
845 2572 860 2615 {l
895 2574 938 2606 53
974 2580 1083 2605 cureo
1108 2573 1136 2603 F
1160 2580 1205 2605 m.
1232 2572 1252 2603 1
1293 2569 1298 2612 Ι
1337 2567 1520 2614 gramine]
1547 2566 1727 2614 sanguine
1751 2572 1780 2602 1)

254 2644 323 2679 my.
347 2643 416 2680 pro
441 2643 522 2667 uar.
550 2633 624 2668 lect.
657 2633 670 2677 ΙΙ
701 2635 746 2667 54
773 2629 948 2667 cholchis
973 2634 1001 2663 1)
1020 2632 1052 2663 N
1070 2632 1116 2672 V,
1142 2632 1175 2664 et
1199 2631 1229 2662 A
1253 2629 1308 2663 ita
1332 2631 1373 2662 ut
1392 2627 1500 2671 prior
1525 2626 1550 2661 h
1573 2629 1782 2671 suppuncta

253 2692 302 2728 sit
330 2692 336 2738 Ι
364 2690 534 2727 Iolciacis
560 2690 739 2736 Scaliger:
766 2687 1030 2735 C(h)olchiacis
1057 2690 1081 2722 0
1116 2684 1133 2732 Ι’
1155 2688 1240 2722 urat
1263 2698 1352 2722 num
1375 2687 1555 2730 inteqrum
1574 2684 1594 2719 ?
1625 2685 1631 2730 Ι
1661 2684 1782 2720 ahena.

255 2756 283 2785 D
303 2753 351 2785 V:
377 2760 472 2786 aena
496 2750 602 2786 ceteri
637 2750 650 2794 ΙΙ
688 2753 731 2784 56
765 2748 920 2784 ducetur
944 2751 972 2781 D
1013 2748 1019 2791 Ι
1058 2746 1190 2781 funera
1221 2746 1276 2781 bis
1299 2749 1330 2779 A
1347 2748 1375 2779 F
1407 2745 1462 2790 (in
1485 2747 1517 2778 A
1546 2745 1699 2779 alterum
1722 2753 1781 2778 ex-

251 2810 445 2856 punctum)
469 2810 482 2855 ΙΙ
510 2821 535 2844 α
558 2820 594 2844 u.
621 2813 665 2844 57
691 2818 827 2843 nouam
851 2807 1000 2853 elegiam
1025 2806 1212 2841 constituit
1232 2804 1498 2841 Heimreichius
1515 2806 1602 2848 post
1622 2806 1665 2838 ’10
1691 2803 1781 2838 inse-

258 2881 341 2907 rens
365 2870 400 2904 11
425 2872 459 2915 4,
487 2871 624 2904 17—26
