1898 3190
643 170 905 207 PROPERTII
929 169 1020 206 LIB.
1047 169 1092 206 ΙΙ.
1118 174 1151 206 3.
1178 175 1211 205 4.
1624 167 1683 209 43

279 281 327 325 Si
356 281 452 337 quis
484 281 580 322 uult
608 280 725 322 fama
754 280 928 322 tabulas
959 279 1124 321 anteire
1154 281 1369 333 uetustas,

338 351 423 394 Hie
454 351 674 393 dominam
707 351 904 406 exemplo
937 352 1070 405 ponat
1101 350 1147 391 in
1178 352 1270 391 arte
1301 364 1460 392 meam:

277 421 377 465 Siue
406 422 529 464 illam
560 422 782 476 Hesperiis
814 421 904 463 siue
934 421 1055 463 illam
1088 421 1290 464 ostendet
1319 420 1442 475 Eois,

337 492 444 535 Uret
475 495 520 535 et
548 492 685 548 Eoos,
716 495 812 534 uret
842 494 887 534 et
917 491 1164 546 Hesperios.

879 767 959 815 IV.

282 872 365 915 His
397 873 550 915 saltem
583 875 633 914 ut
662 874 810 914 tenear
839 873 926 921 iam
957 872 1131 913 finibus!
1165 887 1207 927 a,
1238 871 1345 914 mihi
1377 871 1414 913 si
1446 871 1557 927 quis,

339 943 495 985 Acrius
525 946 575 984 ut
605 943 783 998 moriar,
815 942 984 984 uenerit
1014 942 1126 984 alter
1157 943 1296 984 amor!

279 1015 340 1056 At
370 1014 504 1056 ueluti
534 1014 674 1068 primo
704 1016 855 1056 taurus
887 1014 1101 1055 detractat
1132 1015 1295 1067 aratra,

338 1085 446 1127 Post
475 1085 596 1126 uenit
627 1087 797 1127 assueto
829 1085 972 1127 mollis
1005 1085 1058 1126 ad
1091 1099 1197 1126 arua
1227 1084 1351 1140 iugo,

243 1155 348 1199 5Sic
378 1156 517 1211 primo
549 1155 725 1197 iuuenes
755 1156 975 1211 trepidant
1004 1156 1048 1197 in
1081 1169 1226 1197 amore
1257 1154 1444 1208 feroces,

337 1226 502 1268 Dehinc
533 1226 685 1268 domiti
716 1230 815 1282 post
845 1227 950 1269 haec
982 1241 1120 1282 aequa
1152 1229 1195 1268 et
1224 1226 1373 1280 iniqua
1403 1226 1561 1267 ferunt.

278 1297 438 1352 Turpia
468 1312 699 1353 perpessus
732 1302 852 1340 uates
884 1300 951 1340 est
982 1298 1125 1340 uincla
1156 1297 1416 1351 Melampus,

338 1367 549 1424 Cognitus
580 1368 735 1424 Iphicli
768 1369 1033 1424 subripuisse
1064 1369 1215 1422 boues3

281 1439 416 1490 Quem
446 1454 535 1482 non
565 1440 703 1495 luera,
735 1440 874 1495 magis
906 1440 1014 1482 Pero
1045 1439 1237 1481 formosa
1268 1439 1427 1494 coegit,

225 1522 269 1553 10
341 1510 443 1553 Mox
475 1510 770 1566 Amythaonia
800 1513 938 1565 nupta
967 1510 1114 1551 futura
1145 1509 1284 1551 domo.

281 1581 421 1623 Multa
450 1581 570 1635 prius
601 1581 799 1623 dominae
830 1580 985 1622 delicta
1016 1580 1210 1635 queraris
1243 1583 1432 1635 oportet,

339 1650 476 1706 Saepe
505 1666 633 1706 roges
664 1652 845 1706 aliquid,
877 1666 1004 1706 saepe
1035 1651 1231 1706 repulsus
1264 1665 1356 1704 eas,

278 1721 339 1764 Et
368 1737 494 1777 saepe
524 1722 749 1764 inmeritos
781 1737 1030 1777 corrumpas
1062 1721 1259 1764 dentibus
1291 1735 1475 1777 ungues,

319 1793 396 1836 Et
425 1794 635 1848 crepitum
667 1794 796 1835 dubio
829 1794 1008 1836 suscitet
1037 1793 1104 1835 ira
1134 1792 1253 1847 pede.

0 1830 17 1934 ἑ
222 1874 265 1906 15
278 1863 573 1920 Nequicquam
603 1864 777 1919 perfusa
806 1864 913 1906 meis
945 1866 1166 1920 unguenta
1197 1864 1382 1919 capillis,

6 1933 13 1946 ²
338 1934 437 1977 Ibat
467 1938 510 1977 et
541 1950 725 1991 expenso
756 1936 905 1990 planta
934 1937 1104 1977 morata
1135 1935 1283 1991 gradu.

279 2005 382 2048 Non
411 2006 482 2049 hic
511 2007 648 2049 herba.
678 2007 812 2061 ualet,
842 2021 930 2049 non
958 2006 1029 2048 hic
1058 2009 1271 2049 nocturna
1302 2005 1497 2062 Cytaeis,

0 1321 2 1333 -
0 1253 10 1292 πα
0 1091 13 1219 -ἿἭ-
0 868 18 1063 —wq--ff
0 811 4 816 ,

256 2122 350 2158 Vim.
377 2135 475 2158 ch‘r.
526 2127 571 2159 42
597 2122 805 2168 exemplum
828 2123 1006 2158 Heinsius
1028 2124 1033 2168 Ι
1054 2124 1170 2168 ponet
1187 2128 1215 2157 Β
1239 2124 1244 2168 Ι
1266 2124 1345 2159 arte
1370 2128 1417 2158 D:
1442 2125 1529 2159 ante
1547 2124 1693 2171 FRV1}

165 2185 211 2218 43
238 2181 397 2228 experiis
422 2186 450 2216 P
468 2185 498 2216 V
516 2184 529 2228 ΙΙ
547 2187 593 2217 44
619 2182 786 2228 experios
810 2186 837 2215 F

0 2247 18 2307 Ξ
257 2252 318 2288 IV.
367 2265 432 2288 uu.
459 2258 574 2289 1-10
599 2254 786 2289 cohaerent
805 2253 930 2298 priori
954 2253 1101 2299 eleyiae,
1133 2266 1166 2290 a.
1194 2265 1230 2289 u.
1260 2258 1301 2288 11
1334 2264 1433 2289 noua
1467 2255 1579 2299 eleyia
1611 2266 1691 2290 cum

0 2310 15 2317 ’
163 2310 272 2348 titulo
295 2311 344 2347 ad
369 2314 555 2348 amantem
582 2313 715 2357 incipit
739 2313 781 2348 in
807 2316 851 2357 03
875 2323 966 2349 corr.
988 2312 1215 2348 Schrader-us
1239 2316 1271 2348 et
1290 2313 1553 2349 Lachmannus
1571 2315 1584 2359 ss
1605 2319 1622 2349 1
1644 2315 1693 2349 ah

166 2370 343 2406 Paccius:
370 2376 393 2407 a
416 2375 444 2405 F
469 2373 535 2407 aut
558 2376 587 2405 Β
606 2374 636 2405 V
654 2374 686 2405 n
711 2372 758 2415 (et
782 2374 810 2405 P
835 2383 879 2406 m.
905 2373 946 2417 2)
972 2371 1034 2407 hei
1058 2372 1319 2407 Lachmannus
1354 2373 1367 2417 ΙΙ
1403 2375 1424 2406 2
1457 2376 1551 2418 puto
1577 2372 1693 2418 siquis

164 2430 313 2476 Acrior,
337 2431 380 2466 ut
413 2431 427 2476 ΙΙ
463 2435 483 2465 3
509 2430 561 2465 At
583 2434 627 2466 F:
654 2431 708 2466 Ac
733 2435 761 2465 Β
780 2433 860 2465 RV
898 2433 904 2476 Ι
944 2431 1130 2466 detractet
1153 2435 1181 2465 F
1215 2432 1220 2475 Ι
1253 2432 1419 2466 aratrum
1446 2434 1473 2464 r
1498 2443 1543 2466 m.
1569 2435 1595 2467 2
1626 2434 1639 2477 Ι]
1671 2436 1693 2467 4

164 2490 295 2524 asueto
318 2493 348 2523 Β
367 2491 398 2522 V
431 2492 436 2534 1
475 2501 580 2524 arma
604 2499 627 2527 ς
662 2490 675 2534 ΙΙ
704 2493 726 2524 6
750 2491 837 2535 post
860 2490 967 2534 haec]
994 2490 1108 2526 fortes
1134 2490 1312 2525 Eldikius
1352 2491 1365 2535 ΙΙ
1403 2495 1422 2526 7
1460 2490 1531 2535 est]
1558 2491 1597 2526 et
1620 2495 1647 2524 F
1688 2492 1691 2536 Ι

164 2547 370 2593 melampus
395 2552 441 2583 D:
474 2548 661 2594 inlampus
686 2551 814 2594 (supra
838 2549 878 2584 nl
902 2561 947 2585 m.
974 2552 1000 2585 2
1026 2552 1060 2595 e)
1086 2553 1114 2583 1²
1138 2549 1336 2595 nylampus
1362 2552 1393 2583 R
1412 2552 1442 2583 V
1472 2551 1484 2594 ΙΙ
1515 2554 1536 2585 8
1561 2549 1693 2595 iphicli

164 2611 210 2642 D:
235 2606 394 2653 hiphicli
417 2611 445 2641 r
469 2607 613 2654 yphicli
636 2611 668 2642 N
687 2611 717 2641 V
742 2597 868 2654 (hyph.
891 2609 1002 2645 huius
1026 2620 1071 2645 m.
1092 2610 1134 2655 2)
1155 2611 1162 2654 Ι
1183 2608 1314 2654 surrip.
1340 2613 1369 2643 Β
1388 2611 1419 2642 V
1437 2610 1450 2654 Ι]
1468 2613 1489 2644 9
1514 2620 1587 2644 non
1613 2612 1644 2643 R
1663 2612 1693 2642 V

166 2666 214 2710 (ct
236 2670 266 2700 Β
289 2677 359 2713 my.
378 2677 451 2712 pro
474 2678 557 2703 παν.
583 2668 693 2712 lect.):
718 2679 814 2703 nunc
838 2672 867 2702 Β
885 2659 914 2702 1?
942 2670 948 2712 Ι
976 2669 1093 2713 phero
1119 2671 1144 2702 0
1174 2669 1188 2713 ΙΙ
1219 2672 1263 2703 10
1289 2667 1417 2703 amith.
1443 2671 1471 2700 F
1490 2670 1521 2700 R
1546 2668 1692 2712 amych.

164 2729 194 2759 D
212 2727 244 2759 V
267 2725 392 2770 (huius
413 2737 460 2760 m.
485 2729 511 2762 2
537 2725 694 2771 amyth.)
726 2726 739 2770 ΙΙ
771 2730 814 2761 13
838 2725 927 2762 inm.
953 2729 1002 2762 1¹:
1027 2725 1129 2761 imm.
1156 2727 1262 2763 ceteri
1283 2729 1288 2771 Ι
1309 2725 1489 2762 dentebus
1514 2730 1541 2760 F
1567 2738 1611 2761 m.
1640 2731 1660 2762 1
1680 2726 1692 2773 ,ξ

167 2786 212 2818 14
237 2782 424 2829 crepiturn.
446 2787 474 2818 r
498 2795 543 2820 m.
564 2788 585 2819 1
613 2783 809 2829 strepitum
826 2789 855 2819 Β
881 2785 989 2831 (idem
1013 2784 1196 2831 crepitum
1218 2796 1290 2830 pro
1312 2797 1395 2821 uar.
1415 2787 1491 2821 lect.
1511 2787 1554 2821 in
1577 2787 1661 2830 τηρ.)
1686 2786 1689 2831 ζ

166 2852 231 2877 ora
253 2845 282 2876 r
305 2854 350 2878 m.
377 2846 398 2878 1
434 2844 448 2888 ΙΙ
478 2847 521 2878 15
547 2843 787 2889 Nequiquam
805 2846 836 2878 Ἡ
865 2845 879 2889 ΙΙ
912 2848 953 2880 17
979 2843 1070 2879 erba
1092 2847 1120 2884 Ε
1149 2844 1154 2891 1
1180 2843 1352 2880 nocitura
1370 2849 1398 2878 Β
1425 2845 1533 2889 (idem
1557 2845 1599 2879 in
1623 2855 1691 2889 neq.

166 2899 362 2936 nociturna
387 2900 472 2948 [sic]
491 2912 564 2947 pro
588 2913 668 2938 ναν.
696 2902 788 2947 lect.)
810 2902 815 2946 Ι
837 2901 981 2947 cytheis
1006 2907 1035 2936 Β
1054 2905 1084 2936 V
1102 2906 1135 2936 Π
1159 2902 1292 2939 citheis
1317 2906 1344 2937 F
