1898 3190
223 146 278 186 72
698 146 962 182 PROPERTII
986 146 1076 183 LIB.
1101 147 1145 183 ΙΙ.
1171 150 1228 182 21.

918 328 1043 375 XXI.

339 430 397 486 A,
429 430 640 486 quantum
672 431 723 473 de
755 446 822 473 me
853 431 1014 474 Panthi
1045 432 1127 474 tibi
1159 432 1322 487 pagina
1350 432 1492 486 finxit,

398 502 583 544 Tantum
617 502 680 543 illi
712 502 881 545 Pantho
913 517 966 545 ne
999 503 1055 544 sit
1087 503 1225 545 amica
1254 503 1418 546 Venus!

341 571 425 616 Sed
455 573 536 614 tibi
566 573 653 614 iam
684 573 832 615 uideor
862 573 1046 616 Dodona
1075 574 1219 616 uerior
1251 574 1416 629 augur?

398 644 585 687 Uxorem
619 645 691 686 ille
723 646 822 686 tuus
853 645 1031 699 pulcher
1063 647 1230 687 amator
1260 645 1402 687 habet.

305 714 425 757 5Tot
455 718 602 757 noctes
634 715 809 769 periere.
841 714 952 756 nihil
983 714 1144 769 pudet?
1177 715 1338 769 aspice,
1369 716 1517 757 cantat

399 785 549 828 Liber:
580 789 628 828 tu
659 786 840 827 nimium
872 786 1045 827 credula
1077 786 1171 828 sola
1201 786 1327 828 iaces.

339 856 399 898 Et
429 871 542 898 nunc
573 857 685 898 inter
718 870 790 898 eos
822 859 870 897 tu
903 871 1043 899 sermo
1076 871 1139 899 es:
1158 859 1214 898 te
1245 856 1318 898 ille
1351 856 1560 910 superbus

398 926 517 969 Dicit
548 942 592 969 se
624 927 762 969 inuito
796 941 921 981 saepe
953 927 1087 969 fuisse
1120 927 1250 969 domi.

337 998 608 1053 Dispeream‚
642 998 677 1039 si
711 999 939 1053 quicquam
972 999 1086 1040 aliud
1119 1013 1247 1053 quam
1280 999 1419 1054 gloria
1449 999 1500 1040 de
1531 1001 1575 1041 te

280 1080 324 1111 10
399 1068 648 1118 Quaeritur:
680 1068 759 1110 has
791 1068 940 1110 laudes
971 1069 1044 1110 ille
1076 1070 1257 1111 maritus
1289 1069 1432 1112 habet.

339 1139 544 1182 Colchida
575 1139 637 1181 sic
667 1139 826 1194 hospes
860 1139 1075 1194 quondam
1107 1139 1274 1195 decepit
1304 1140 1450 1183 Iason:

397 1209 551 1252 Electa
583 1212 650 1252 est
678 1210 820 1252 tenuis
852 1225 1039 1266 namque
1072 1209 1233 1253 Creusa
1264 1214 1371 1255 toro.

340 1280 410 1324 Sic
441 1295 468 1322 a
498 1280 699 1323 Dulichio
732 1280 886 1323 iuuene
919 1283 984 1322 est
1017 1281 1137 1322 elusa
1168 1279 1373 1337 Calypso:

396 1351 521 1394 Vidit
551 1354 788 1394 amatorem
819 1351 1007 1406 pandere
1039 1351 1137 1393 uela
1168 1366 1304 1395 suum.

281 1434 324 1465 15
338 1424 395 1479 A,
426 1424 608 1466 nimium
638 1423 786 1465 faciles
819 1437 966 1465 aurem
997 1423 1204 1477 praebere
1235 1424 1421 1480 puellae,

397 1494 560 1536 Discite
593 1494 786 1536 desertae
817 1508 904 1535 non
935 1487 1220 1536 temere'esse
1251 1495 1402 1537 bonae.

338 1565 450 1608 Huic
483 1580 652 1621 quoque
684 1565 787 1620 quid
818 1564 983 1607 restat?
1015 1565 1101 1606 iam
1133 1565 1297 1619 pridem
1330 1567 1552 1621 quaeritur
1582 1568 1702 1610 alter.

398 1637 593 1692 Experta
623 1637 667 1678 in
698 1637 859 1691 primo,
892 1636 1046 1691 stulta,
1078 1650 1229 1678 cauere
1260 1639 1396 1691 poteS.

340 1707 432 1750 Nos
466 1722 730 1764 quocumque
762 1708 876 1761 loco,
907 1721 987 1748 nos
1021 1707 1138 1749 omni
1169 1710 1362 1762 tempore
1393 1711 1534 1751 tecum

282 1790 327 1822 20
402 1777 502 1821 Siue
534 1793 665 1835 aegra
696 1779 859 1834 pariter
891 1777 982 1820 siue
1015 1778 1187 1820 ualente
1222 1793 1380 1820 sumus.

314 2050 406 2086 Vn.
432 2061 530 2084 anw.
580 2048 676 2085 XXI.
726 2049 840 2084 Noua
864 2049 977 2094 eleyia
1002 2059 1083 2084 cum
1108 2048 1214 2084 titulo
1238 2048 1286 2083 ad
1312 2047 1504 2093 cynthiam
1536 2049 1582 2084 de
1607 2050 1747 2094 pantho

221 2110 263 2143 in
288 2112 313 2142 0
344 2109 357 2154 11
389 2113 407 2144 1
434 2109 467 2143 Α
490 2112 534 2143 F:
562 2108 621 2143 Ah
646 2108 752 2143 ceteri
776 2107 827 2142 At
846 2108 1024 2143 Heinsius
1065 2110 1069 2150 1
1103 2107 1209 2152 panti
1239 2110 1271 2142 et
1295 2118 1331 2142 u.
1352 2111 1372 2141 2
1399 2108 1513 2152 panto
1538 2111 1565 2141 F
1592 2109 1632 2153 (h
1655 2120 1700 2143 m.
1721 2112 1755 2147 2.

221 2170 419 2213 suprascr.)
444 2169 457 2213 11
485 2172 507 2203 4
531 2167 661 2213 pulcer
683 2171 711 2201 F
741 2168 754 2212 11
780 2170 800 2201 5
825 2167 942 2212 pudet
966 2177 1032 2201 om.
1058 2170 1102 2211 F,
1129 2167 1212 2201 add.
1238 2176 1305 2211 my.
1331 2177 1376 2202 m.
1402 2167 1499 2211 2116
1523 2165 1680 2202 nimium
1704 2170 1747 2203 tu

221 2230 364 2263 Fm.1
401 2228 406 2271 Ι
441 2224 1335 2272 sola]Dm9.m.10th9.m.2a1turba
1370 2225 1383 2270 11
1421 2228 1649 2261 7teom.1¹
1681 2227 1745 2272 118

221 2286 332 2321 Dicet
355 2291 383 2321 D
403 2289 433 2319 V
460 2287 472 2331 11
505 2289 549 2320 10
575 2285 746 2320 martitus
774 2287 806 2319 R
835 2285 847 2329 11
881 2288 921 2319 11
949 2283 1101 2319 Cholch.
1126 2287 1154 2317 F
1177 2285 1181 2328 1
1204 2283 1360 2319 condam
1385 2287 1412 2318 Ε·
1437 2284 1584 2329 quando
1609 2287 1642 2318 Π
1665 2286 1747 2331 (my.

154 2333 157 2337 ’
221 2357 266 2380 m.
293 2349 313 2380 1
349 2345 550 2390 quondam)
592 2346 604 2389 11
649 2348 691 2379 12
729 2343 862 2379 Electa
900 2344 957 2378 est
986 2343 1259 2378 Broukhusius:
1293 2343 1425 2378 Eiecta
1455 2345 1513 2379 est
1543 2346 1568 2377 0
1599 2343 1748 2379 Eiectae

223 2404 466 2439 Ruhnkenius
487 2405 492 2449 1
514 2403 636 2439 tenuis
663 2406 705 2438 0:
730 2402 852 2438 tenuit
878 2412 898 2440 ς
921 2403 926 2447 1
947 2402 1024 2437 iam
1047 2413 1163 2447 supra
1186 2414 1275 2438 nam
1298 2403 1445 2447 scripsit
1468 2414 1513 2437 m.
1538 2406 1565 2439 2
1589 2406 1618 2436 1⁷
1639 2405 1644 2447 1
1665 2404 1748 2439 toro

222 2462 355 2507 scripsi
381 2463 491 2499 Misc.
520 2462 608 2498 Orit.
629 2474 670 2507 p.
698 2466 760 2498 91:
793 2462 902 2497 domo
935 2465 960 2495 0
993 2462 1142 2497 domum
1170 2471 1192 2500 ς
1223 2462 1346 2497 locum
1378 2461 1618 2505 Ruhnkenius
1652 2462 1665 2507 11
1704 2466 1746 2497 13

222 2520 331 2556 iuene
355 2525 382 2554 F
408 2533 453 2557 m.
479 2525 500 2557 1
530 2524 534 2567 1
567 2522 696 2557 delusa
719 2526 748 2556 1)
767 2524 798 2554 V
823 2522 878 2565 (in
895 2522 960 2556 hoc
985 2521 1009 2555 d
1035 2522 1100 2556 del.
1127 2533 1172 2557 m.
1197 2522 1255 2566 2);
1280 2521 1452 2556 iuuenem
1478 2520 1606 2556 delusa
1629 2521 1746 2556 Lach-

223 2591 380 2616 mannus
398 2581 410 2625 11
430 2584 475 2615 14
500 2581 631 2616 Prodit
654 2584 699 2626 F,
725 2591 815 2616 corr.
841 2591 909 2625 my.
936 2591 980 2616 m.
1007 2583 1032 2616 2
1055 2581 1060 2625 1
1081 2591 1168 2615 nam
1194 2580 1282 2615 dare
1307 2579 1517 2615 Huschkius
1534 2580 1548 2624 11
1568 2583 1610 2615 15
1635 2579 1695 2615 Ha
1718 2583 1746 2613 r

224 2641 282 2675 Ah
307 2641 414 2676 ceteri
455 2641 468 2685 11
512 2645 554 2675 17
593 2640 689 2689 Huic
712 2644 741 2674 D
760 2643 792 2674 R
810 2642 856 2674 V:
895 2639 991 2674 Hinc
1015 2643 1042 2673 F
1078 2639 1186 2675 Nunc
1217 2640 1275 2674 uel
1304 2639 1374 2674 Hic
1399 2649 1420 2676 ς
1465 2641 1470 2683 1
1509 2638 1600 2683 quid
1629 2639 1748 2674 restat

223 2701 482 2736 Burmannus:
509 2700 573 2745 qui
603 2701 722 2736 restat
747 2703 772 2734 0
798 2700 980 2745 (praestat
1004 2703 1036 2734 et
1061 2700 1176 2734 restet
1201 2700 1236 2744 ς)
1262 2699 1294 2733 si
1317 2701 1347 2732 V
1371 2709 1498 2743 mam.
1523 2701 1549 2734 2
1576 2697 1639 2742 qui
1664 2708 1746 2743 per-

225 2761 300 2796 stet
324 2759 374 2795 H.
400 2760 563 2795 Bosscha
596 2759 602 2805 1
635 2760 759 2795 malim
783 2758 859 2794 iam
884 2758 978 2793 fidus
1007 2758 1020 2803 11
1053 2761 1095 2792 18
1122 2758 1252 2804 stulta]
1278 2757 1360 2792 tuta
1385 2766 1407 2794 ς
1430 2755 1510 2791 uita
1534 2757 1712 2792 Heirwius
1739 2755 1744 2803 1

222 2818 349 2865 potest
373 2817 469 2853 Itali
