1898 3190
207 143 311 180 XXX
717 186 726 197 ·
787 144 1168 182 PROLEGOMENA.

329 251 419 294 Aut
450 252 595 307 spatia
626 266 833 294 annorum
865 255 942 295 aut
971 253 1106 309 longa
1137 253 1367 296 interualla
1397 254 1601 309 profundi

388 322 607 366 Lenibunt
637 324 772 366 tacito
804 325 985 367 uulnera
1013 327 1168 367 nostra
1200 324 1308 367 sinu.

208 409 346 450 praua
377 397 444 437 est
475 395 554 436 illa
585 394 807 438 distinctio
838 410 915 451 per
946 395 1038 438 ‘aut
1058 421 1115 426 ——
1135 395 1225 438 aut'
1251 396 1380 452 facta,
1412 398 1569 453 quippe
1595 412 1680 453 qua
1702 397 1740 440 is

210 467 282 520 qui
322 466 537 521 quomodo
577 464 741 523 (utrum
779 469 975 522 tempore
1006 467 1138 522 longo
1169 481 1224 508 an
1254 465 1426 524 itinere)
1468 468 1653 510 salutem
1683 468 1744 511 sit

206 539 457 592 recepturus
489 537 686 593 ambigat
718 538 988 594 designetur,
1019 552 1116 580 cum
1146 539 1293 580 tamen
1324 540 1464 581 certus
1497 539 1555 581 sit
1583 539 1630 581 in
1659 539 1742 581 hoc

208 608 399 650 carmine
419 610 563 663 poeta,
588 608 795 664 quidquid
814 611 949 651 restet
979 609 1107 664 uitae,
1132 608 1178 651 in
1198 608 1380 651 Graecia
1398 609 1551 652 dedere
1571 609 1739 652 studiis.

207 679 356 734 itaque
396 678 470 733 qui
511 679 703 733 sperauit
744 679 872 722 simul
909 682 1094 735 utroque
1132 680 1311 722 uulnera
1351 695 1429 723 sua
1459 680 1642 723 lenitum
1673 680 1741 735 iri,

209 750 404 792 scribere
447 749 596 791 debuit
642 748 696 791 ‘et
739 750 879 805 spatia
922 766 958 792 a.
995 753 1034 792 et
1071 750 1205 806 longa
1247 751 1275 793 i.
1311 750 1379 807 p.'.
1443 751 1517 794 sed
1557 765 1652 794 011111
1694 751 1740 793 111

207 837 279 863 1111.
320 820 508 863 25—30
551 820 710 863 totiens
754 820 860 863 illud
904 820 1020 864 ‘aut'
1064 821 1251 877 legatur,
1290 822 1373 865 hoc
1406 822 1642 864 librarium
1685 821 1739 864 ad

209 891 301 935 ‘aut
330 917 378 922 —
410 890 499 934 aut'
531 891 825 946 reponendum
856 892 1038 935 induxit.
1072 917 1122 922 —
1157 891 1179 934 I
1210 893 1250 949 9,
1282 893 1335 936 31
1353 907 1434 949 sq.:

327 963 422 1006 Illis
455 965 498 1005 01
529 963 670 1006 8111008
703 965 747 1005 01
777 965 960 1019 possunt
991 962 1138 1005 cedere
1169 979 1370 1022 quercus3

386 1034 555 1077 Nedum
587 1037 637 1077 tu
667 1035 821 1090 possis,
855 1034 1032 1090 spiritus
1063 1034 1136 1076 ille
1167 1035 1288 1078 leuis.

210 1105 449 1148 ‘blanditiis
491 1105 723 1149 durissima
766 1120 959 1162 quaeque
1000 1106 1252 1162 uincuntur,
1294 1109 1456 1162 quanto
1499 1107 1641 1150 minus
1679 1109 1742 1163 tu,

207 1177 339 1221 homo
371 1177 599 1231 lenissime,
631 1176 854 1220 uinceris'.
903 1176 986 1220 hoc
1017 1191 1102 1219 uno
1135 1177 1262 1220 modo
1295 1191 1392 1220 cum
1422 1179 1739 1233 pentametrum

213 1263 425 1304 exponere
457 1249 586 1291 liceat
616 1250 666 1290 ut
697 1248 750 1291 ad
777 1247 949 1303 ‘possis'
977 1248 1253 1303 suppleamus
1279 1247 1472 1305 ‘cedere',
1502 1249 1740 1304 peruersis-

209 1320 318 1363 sima
347 1321 541 1362 nascitur
573 1320 803 1375 sententia3
841 1319 1084 1362 necessario
1117 1318 1299 1375 ‘quanto
1331 1319 1494 1376 magis'
1527 1318 1740 1362 desidera-

211 1407 319 1434 mus.
370 1406 531 1434 uanum
571 1391 687 1433 enim
725 1393 857 1447 atque
896 1405 1066 1433 cassum
1098 1392 1165 1432 est
1196 1390 1425 1433 artificium
1456 1391 1739 1446 interpretum

207 1462 439 1506 ‘resistere'
459 1463 528 1505 uel
549 1463 710 1505 similia
731 1462 1178 1518 subintellegentium3
1210 1462 1324 1517 quod
1350 1477 1433 1519 quo
1459 1463 1551 1504 iure
1574 1462 1741 1504 faciant

208 1535 292 1590 ipsi
330 1534 528 1577 uiderint.
582 1549 663 1577 nos
695 1531 846 1577 nostra
885 1534 953 1576 usi
994 1533 1294 1577 obseruatione
1336 1532 1522 1589 ‘possis'
1562 1535 1740 1589 propter

207 1606 459 1648 damnosam
490 1606 611 1648 uocis
644 1604 869 1662 ‘possunt'
902 1605 1105 1648 uiciniam
1145 1619 1197 1647 ex
1237 1604 1337 1660 ‘par
1368 1603 1450 1647 sis'
1489 1606 1739 1660 corruptum

207 1679 424 1732 putamus.
459 1702 508 1707 —
543 1676 588 1719 H
623 1677 689 1733 13,
722 1677 778 1720 39
791 1691 873 1732 sq.:

327 1748 394 1790 Tu
425 1762 595 1803 quoque
628 1748 665 1790 si
698 1748 871 1803 quando
902 1748 1049 1790 uenies
1081 1747 1135 1790 ad
1165 1746 1272 1803 fata,
1303 1749 1531 1802 memento,

386 1819 482 1862 Hoc
513 1820 595 1862 iter
627 1819 681 1862 ad
713 1819 881 1874 lapides
914 1833 1022 1862 cana
1051 1818 1152 1860 ueni
1182 1832 1407 1861 memores.

207 1891 305 1946 plus
343 1905 429 1933 uno
467 1891 577 1934 uitio
614 1906 764 1934 uersus
802 1890 943 1933 minor
982 1890 1164 1932 laborat.
1219 1891 1264 1931 et
1301 1887 1443 1931 ‘ueni'
1481 1887 1652 1943 quidem
1689 1889 1739 1930 ut

207 1976 284 2016 per
322 1976 367 2004 se
404 1961 600 2017 ineptum
638 1962 809 2004 uidetur
848 1960 968 2018 (nam
999 1961 1119 2004 uenit
1150 1960 1204 2003 ad
1242 1959 1407 2015 lapides
1438 1959 1476 2001 is
1507 1958 1580 2014 qui
1610 1958 1737 2000 uiuus

207 2035 475 2088 uegetusque
521 2048 571 2075 eo
613 2033 772 2088 derigit
816 2045 1010 2088 gressus,
1053 2047 1141 2075 non
1183 2031 1256 2087 qui
1300 2032 1497 2073 mortuus
1541 2029 1596 2072 ad
1637 2030 1736 2072 illos

207 2102 438 2160 portatur),
468 2104 533 2146 ita
560 2104 660 2146 inde
686 2103 799 2160 quod
824 2103 1023 2146 ueniendi
1047 2103 1308 2146 uocabulum
1332 2101 1454 2144 nulla
1478 2101 1736 2145 conciliante

207 2174 251 2216 ui
282 2174 498 2218 rhetorica
528 2175 738 2230 repetitur
770 2177 1017 2230 suspectum
1047 2174 1108 2216 fit.
1157 2187 1294 2229 neque
1324 2172 1468 2228 placet
1491 2173 1582 2215 ullo
1607 2174 1736 2229 pacto

206 2260 292 2288 uox
323 2245 473 2301 ‘cana’,
505 2247 606 2289 licet
645 2247 815 2288 nauiter
847 2261 942 2289 eam
973 2245 1175 2288 defendat
1205 2244 1518 2287 Lachmannus.
1578 2244 1624 2286 in
1653 2244 1736 2287 hac

208 2317 323 2358 enim
356 2317 571 2360 sententia
603 2316 666 2359 ‘tu
698 2332 867 2373 quoque
899 2320 1038 2360 morte
1069 2315 1442 2372 appropinquante
1473 2313 1536 2372 (et
1567 2315 1735 2358 utinam

206 2387 300 2429 uoti
332 2388 417 2430 mei
452 2388 511 2430 sis
543 2388 728 2445 memor)
761 2388 861 2431 iube
891 2393 940 2430 ut
971 2387 1217 2444 grandaeua
1246 2386 1365 2429 facta
1395 2386 1450 2428 ad
1479 2386 1562 2429 hoc
1591 2401 1735 2429 meum

207 2458 450 2514 sepulcrum
477 2459 687 2515 efferaris,
719 2474 803 2515 quo
829 2459 994 2502 cineres
1019 2458 1161 2501 nostri
1186 2456 1464 2500 misceantur'
1490 2472 1620 2513 quam
1644 2458 1733 2500 lan-

206 2529 383 2584 guidum
417 2533 547 2586 atque
581 2531 845 2586 superfluum
877 2531 934 2573 sit
963 2529 1072 2572 illud
1103 2528 1366 2585 ‘grandaeua
1395 2527 1539 2583 facta',
1573 2529 1734 2572 sentiat

207 2603 381 2656 oportet
410 2603 483 2658 qui
522 2603 764 2658 elegantiae
803 2617 930 2644 sensu
967 2616 1054 2644 non
1085 2603 1213 2643 caret.
1271 2615 1372 2642 nam
1402 2599 1733 2655 Hertzbergium

207 2687 437 2715 neruosam
476 2673 737 2715 breuitatem
779 2674 825 2715 in
867 2687 972 2715 uoce
1012 2671 1162 2714 ‘cana'
1195 2670 1271 2727 (=
1299 2673 1342 2713 et
1381 2669 1548 2712 utinam
1585 2670 1659 2712 diu
1687 2671 1735 2712 in

206 2744 320 2786 uiuis
346 2744 405 2786 sis
433 2759 511 2787 nec
535 2744 619 2786 nisi
647 2759 755 2786 anus
777 2744 829 2786 ad
852 2743 1050 2799 sepulcra
1068 2741 1237 2800 uenias)
1258 2743 1563 2798 agnoscentem
1580 2743 1732 2784 nostro

210 2815 316 2871 iure,
346 2818 467 2871 puto,
497 2815 725 2858 mittimus.
774 2815 838 2857 nil
863 2817 1007 2857 autem
1032 2814 1225 2870 pulcrius
1255 2812 1484 2868 ueriusque
1512 2813 1735 2856 lenissima

206 2885 376 2928 Heinsii
407 2887 648 2930 mutatione
681 2885 843 2943 ‘cara’3
882 2886 942 2928 sic
980 2886 1137 2941 quippe
1175 2900 1226 2926 ex
1262 2898 1408 2926 amore
1445 2898 1523 2926 suo
1556 2886 1731 2926 aeterno
