1898 3190
964 3 972 8 -
990 0 1012 18 η
1019 8 1026 15 --
1038 0 1047 6 ’
1073 0 1121 27 173„
1130 0 1162 29 ³².-
1171 0 1210 24 ²:2³
1218 10 1229 17 ..
1236 0 1375 30 rama,

210 124 297 173 ³198
631 129 948 169 CORRIGENDA
970 104 1334 172 armenum(
1411 99 1414 101 Δ
1459 97 1469 106 '
1543 99 1555 114 ”

210 245 424 296 uestigaffis
450 245 798 297 deprehendamur
822 246 922 286 ‘⁶³5³'
946 249 1132 298 ³¹001'Pss2·
1151 259 1239 287 cum
1258 260 1403 299 magno
1420 249 1568 294 crisces
1586 243 1736 291 emolu·
1886 279 1898 287 ,

209 307 356 345 mento.
399 319 493 345 nam
523 307 598 345 hoc
617 318 710 356 ego,
741 307 810 356 qui
828 306 936 344 haud
954 319 1101 356 paucos
1134 302 1467 348 ‘deflorationum’
1496 308 1621 349 libros
1638 321 1734 350 mss.

207 365 307 404 meis
350 365 449 404 trini
484 366 687 416 manibus,
691 366 802 426 spro
841 367 948 405 certo
986 366 1158 414 affirmo,
1195 367 1328 407 nullos
1365 367 1563 418 Propertii
1591 381 1734 409 uersus

124 452 163 467 1,.
207 425 285 464 nisi
317 425 415 464 duos
445 425 536 464 illos
567 426 684 464 notos
718 421 861 463 ‘cedite
891 426 1062 464 Romani
1086 422 1314 476 scriptores'
1347 439 1427 477 eqs.
1457 439 1530 477 per
1559 427 1734 468 medium

207 496 351 523 aeuum
385 484 508 534 uulgo
538 484 664 523 fuisse
694 470 867 538 notoss
861 497 1006 534 eosque
1037 485 1143 535 ipsos
1177 498 1264 524 cum
1296 498 1343 525 ex
1361 486 1508 525 Donati
1533 487 1619 526 uita
1637 487 1732 527 Ver-

206 543 358 594 giliana
393 546 481 583 tum
520 557 566 582 ex
605 543 804 583 codicibus
836 544 1093 594 anthologiae
1131 557 1249 594 quam
1289 547 1434 584 uocant
1463 545 1733 587 Salmasianao

205 604 340 642 uarias
378 604 514 653 partes
553 603 859 642 continentibus.
909 603 1001 642 hinc
1042 617 1098 642 ex.
1130 617 1189 654 gr.
1221 604 1261 642 in
1294 605 1426 644 codice
1462 604 1732 646 Laurentiano

204 663 305 711 plut.
339 664 407 711 39,
441 664 493 702 23
529 675 628 702 saec.
655 662 732 700 XII
762 663 829 701 fol.
865 663 944 701 181
979 663 1084 701 inter
1115 663 1195 701 alia
1225 664 1400 702 carmina
1431 664 1483 702 ad
1506 665 1731 715 Vergilium

206 722 429 771 spectantia
447 722 637 761 uersiculi
656 722 714 760 ilh·
735 734 825 760 cum
844 722 917 760 hoc
935 718 1055 761 titulo
1075 718 1323 772 Sext'ovpert’
1344 724 1390 762 de
1405 724 1560 772 uiryilio
1580 725 1731 764 extant.

129 788 147 806 ι’
164 765 174 774 ⁴
205 782 274 820 sed
304 783 514 831 praeterea
543 781 697 819 nullam
727 781 911 831 equidem
941 794 1110 831 usquam
1129 781 1331 832 Propertii
1347 782 1580 822 memoriam
1598 783 1729 823 medio

164 2613 172 2619 ’
186 2618 339 2674 lapsis'.

60 858 87 876 m
108 825 151 839 “⁴
204 853 304 879 aeuo
341 840 429 879 fieri
465 841 644 891 memini3
688 842 729 879 et
765 840 850 879 sine
887 840 1007 879 dubio
1043 841 1085 879 in
1116 841 1296 881 Parisino
1332 842 1390 880 nil
1424 842 1503 880 nisi
1533 842 1730 882 distichon

203 901 555 939 commemoratum
586 900 683 939 olim
712 900 935 950 legebatur.
1682 945 1685 947 ,

321 961 340 998 Ι
363 963 399 1010 1,
423 962 445 998 7
465 963 501 998 F
521 956 622 999 ‘toto
644 981 698 986 -—
721 955 837 999 anno'
868 960 926 998 ita
955 959 1077 998 habet
1107 962 1154 998 ut
1185 955 1265 999 ‘no'
1296 960 1339 998 in
1361 973 1504 1012 rasin-a
1522 960 1592 1012 sit3
1622 961 1728 1000 unde

201 1023 237 1058 F
269 1031 294 1057 a
323 1021 453 1070 prima
483 1032 605 1058 manu
635 1019 741 1057 idem
765 1018 886 1068 atque
904 1022 945 1056 A
970 1014 1070 1057 ‘toto
1090 1040 1145 1045 ——
1166 1015 1294 1057 annis'
1326 1020 1512 1059 habuisse
1544 1019 1726 1060 conicias.

201 1091 303 1127 rem,
335 1091 437 1129 quae
468 1092 532 1117 me
562 1079 742 1129 fugerat,
773 1078 930 1128 aperuit
951 1076 1155 1117 Gustauus
1175 1078 1420 1129 Meynckius,
1446 1080 1515 1129 qui
1534 1079 1740 1119 beneuole'

199 1151 290 1177 mea
319 1138 454 1188 gratia
485 1138 658 1178 codicem
689 1138 836 1176 iterum
867 1137 1048 1186 inspexit.

319 1197 338 1235 I
365 1199 403 1248 8,
425 1199 476 1236 21
505 1200 547 1236 V
577 1200 766 1247 quartum
797 1209 820 1234 a
851 1197 984 1235 Mauio
1017 1197 1282 1235 examinatum
1315 1197 1502 1247 apparuit
1532 1197 1724 1247 praebere

202 1252 293 1308 ‘ego
324 1253 425 1296 uita'
458 1270 505 1295 ex
538 1253 627 1307 ‘ego
659 1252 761 1296 tuta'
795 1258 1026 1305 correctum,
1058 1258 1104 1294 ut
1128 1256 1262 1295 hocin
1281 1259 1316 1296 Ο
1335 1257 1484 1296 lectum
1500 1257 1627 1296 fuisse
1644 1257 1726 1296 iam

199 1319 353 1356 certum
384 1317 449 1356 sit.

317 1377 338 1416 I
366 1378 432 1426 16,
460 1378 514 1416 38
549 1390 637 1415 sero
669 1375 752 1414 uidi
790 1375 870 1413 iam
901 1373 1015 1414 Conr.
1047 1374 1335 1425 Rossbergium
1374 1375 1588 1415 coniecisse
1624 1375 1726 1414 illud

198 1431 390 1486 ‘probra'.
428 1466 430 1468 v

315 1496 356 1534 II
391 1499 426 1545 1,
460 1497 517 1535 30
547 1495 590 1533 in
620 1495 734 1533 textu
766 1493 919 1544 corrige
951 1489 1240 1532 ‘Ptolomaeei’.

317 1555 358 1593 II
390 1558 428 1603 9,
462 1555 518 1593 50
548 1555 591 1593 in
621 1556 733 1592 textu
764 1554 851 1592 dele
882 1555 1073 1602 punctum
1098 1555 1190 1602 post
1209 1547 1370 1592 ‘duces'.
1394 1573 1444 1579 —
1466 1565 1538 1602 pro
1565 1547 1724 1591 ‘media'

200 1614 226 1652 J
229 1615 373 1654 acobus
404 1614 592 1664 proponit
624 1608 813 1652 ‘misera'.
1008 1624 1014 1628 ·

314 1673 354 1712 H
382 1668 468 1722 18¹³,
495 1675 548 1712 29
584 1668 739 1712 ‘Deme’
765 1667 841 1724 (=
861 1671 958 1710 tolle
991 1671 1088 1710 istas
1109 1671 1319 1710 ementitas
1340 1665 1490 1724 comas)
1517 1670 1723 1720 coniungit

198 1733 402 1782 Peneius,
432 1745 505 1772 nec
536 1734 636 1772 bene
668 1744 739 1782 per
771 1744 813 1770 se
845 1733 886 1770 et
917 1731 1144 1780 anaphorae
1174 1730 1304 1769 forma
1335 1726 1448 1768 ‘mihi
1471 1751 1518 1756 -
1541 1725 1612 1768 mi'
1642 1741 1723 1768 non

195 1795 316 1833 recta.
337 1813 392 1820 —
413 1795 587 1832 ceterum
619 1805 685 1830 uu.
708 1792 880 1830 33—38
903 1790 1005 1828 alius
1025 1790 1228 1829 cuiusdam
1249 1789 1434 1828 carminis
1452 1789 1721 1840 fragmentum

193 1854 329 1892 censet
357 1852 546 1903 Jacobus.

313 1912 355 1951 H
382 1913 449 1962 20,
471 1913 494 1950 9
522 1911 693 1949 fortasse
712 1911 893 1959 praestat
910 1921 982 1958 pro
1003 1903 1244 1958 ‘astringat’,
1276 1908 1381 1958 quod
1398 1911 1437 1946 D
1455 1911 1497 1948 V
1515 1907 1720 1958 praebent,

193 1984 384 2022 reponere
416 1965 659 2020 ‘astringas'.

311 2030 354 2070 II
380 2032 448 2079 26,
477 2032 531 2068 10
557 2029 658 2068 addc
688 2029 731 2067 in
761 2028 884 2076 notis,
916 2031 956 2066 V
980 2040 1030 2067 m.
1056 2029 1078 2064 1
1106 2039 1259 2076 quoque
1286 2021 1439 2076 ‘Queq3’
1468 2025 1713 2075 praebuisse

311 2090 353 2129 H
380 2091 447 2138 28,
475 2091 529 2128 27
559 2089 604 2130 in
634 2089 739 2128 notis
773 2088 899 2126 scribe
931 2082 1093 2125 ‘semele
1124 2089 1176 2134 O,
1210 2097 1306 2124 corr.
1338 2087 1379 2123 V
1407 2097 1458 2123 m.
1483 2080 1540 2124 2⁹.

310 2149 351 2188 II
378 2150 446 2200 34,
473 2151 525 2188 31
561 2147 876 2187 emendationem
906 2148 1083 2185 nostram
1117 2140 1178 2183 ‘tu
1207 2143 1400 2194 grauibus
1426 2143 1552 2183 Musis
1583 2143 1718 2182 melio-

191 2204 291 2248 rem’
323 2222 347 2247 a
368 2208 473 2247 Guil.
492 2208 752 2256 Fuerstenau,
783 2207 894 2245 cuius
922 2201 1186 2255 ‘quaestiones
1206 2198 1503 2253 Propertianae'
1536 2198 1718 2254 (Rinteln

193 2262 327 2321 1845)
361 2268 428 2306 diu
459 2267 664 2317 quaesitae
699 2278 803 2304 nunc
840 2265 998 2304 demum
1035 2264 1076 2302 in
1113 2276 1253 2301 manus
1290 2274 1399 2301 meas
1433 2262 1712 2312 peruenerunt,

189 2328 444 2377 praeceptam
474 2326 627 2375 inueni,
660 2325 828 2368 diuersis
859 2324 954 2363 licet
984 2323 1206 2362 rationibus
1245 2322 1400 2361 fultam.
1420 2318 1628 2376 (ceterum
1657 2320 1716 2359 nil

190 2387 283 2426 boni
314 2386 451 2425 libello
483 2386 543 2424 illi
573 2386 691 2424 inest.
709 2393 726 2431 J
744 2364 771 2425 fl.

307 2445 369 2484 III
399 2448 464 2493 17,
491 2447 545 2483 37
563 2458 620 2494 sq.
653 2439 849 2482 ‘craterae
879 2437 1062 2481 fundent'
1095 2441 1193 2481 coni.
1227 2439 1413 2479 Orellius.

306 2505 369 2543 III
398 2506 464 2553 15,
490 2505 544 2543 45
577 2507 612 2542 F
647 2498 869 2553 econscitet’
901 2501 1033 2540 habet.

305 2563 368 2602 III
396 2565 462 2614 13,
488 2565 543 2603 58
575 2563 656 2601 iam
687 2562 883 2601 Jacobum
913 2573 1018 2599 nunc
1048 2559 1164 2599 uideo
1195 2559 1407 2598 adnotasse
1439 2553 1619 2606 ‘fortasse
1643 2555 1711 2594 de-

304 2682 366 2721 IH
392 2683 459 2730 20,
488 2683 539 2720 17
574 2676 809 2735 ‘confirmet'
842 2681 939 2720 coni.
970 2677 1214 2723 Fontcinius.
