1898 3190
0 405 21 620 *ww-*⁷
0 375 2 386 ἡ

657 135 920 177 PBOPERTII
943 135 1035 172 LIB.
1058 135 1122 171 IV.
1147 139 1181 171 3.
1601 135 1687 177 165

339 244 455 294 Quot
485 244 577 286 sine
608 259 721 299 aqua
751 243 940 286 Parthus
970 231 1093 286 milia
1123 246 1270 287 currat
1298 258 1445 300 equus.

279 314 424 358 Conor
454 317 497 357 et
528 330 551 357 e
581 315 732 357 tabula
762 315 902 370 pictos
934 315 1121 357 ediscere
1152 315 1355 367 mundos,

337 385 486 436 Qualis
518 389 562 428 et
591 387 697 429 haee
727 386 843 429 docti
875 386 933 428 sit
962 386 1159 441 positura
1190 386 1275 442 dei,

278 457 397 508 Quae
427 457 558 499 tellus
590 458 647 499 sit
676 458 797 499 lenta
827 457 945 513 gelu,
976 471 1085 512 quae
1114 457 1255 511 putris
1286 457 1341 499 ab
1373 459 1514 513 aestu,

217 539 265 572 40
336 527 503 571 Ventus
534 529 580 570 in
610 528 784 570 Italiam
815 527 889 583 qui
919 527 1029 569 bene
1062 528 1158 570 uela
1188 527 1312 570 ferat.

276 598 457 642 Adsidet
487 614 573 642 una
604 614 744 654 soror,
775 599 888 641 curis
920 600 964 640 et
993 598 1155 653 pallida
1185 599 1331 641 nutrix

335 669 507 712 Peierat
536 670 705 712 hiberni
734 670 942 725 temporis
974 684 1068 711 esse
1099 684 1258 712 moras.

275 740 395 783 Felix
425 741 683 797 Hippolyte!
714 740 829 783 nuda
859 740 960 782 tulit
991 755 1112 782 arma
1141 742 1323 798 papilla,

333 811 395 854 Et
424 812 534 855 texit
564 812 687 868 galea
716 811 904 854 barbara
933 811 1062 854 molle
1094 815 1235 867 caput.

215 883 484 926 45Romanis
514 883 680 925 utinam
710 882 956 937 patuissent
986 885 1131 924 cast-ra
1160 883 1340 938 puellis!

287 954 290 956 ’
332 954 486 996 Essem
518 954 699 996 militiae
731 953 902 995 sarcina
931 953 1018 995 fida
1048 955 1168 1007 tuae,

274 1023 367 1067 Nec
396 1040 465 1067 me
494 1024 719 1067 tardarent
749 1022 951 1079 Scythiae
983 1025 1103 1080 iuga,
1134 1039 1230 1066 eum
1261 1027 1387 1079 pater
1417 1027 1529 1068 altas

335 1095 460 1139 Aeris
490 1097 538 1138 in
568 1096 751 1152 glaciem
780 1096 942 1155 frigore
973 1097 1110 1148 nectit
1140 1111 1285 1151 aquas.

274 1166 423 1209 Omnis
455 1182 578 1210 amor
608 1181 811 1223 magnus,
843 1167 917 1208 sed
951 1169 1100 1221 aperto
1131 1167 1177 1208 in
1208 1167 1390 1222 coniuge
1421 1169 1575 1210 maior:

216 1247 262 1280 50
333 1237 458 1280 Hane
489 1238 655 1293 Venus,
685 1241 735 1280 ut
764 1238 904 1293 uiuat,
935 1237 1119 1279 uentilat
1149 1237 1246 1292 ipsa
1276 1238 1427 1281 facem.

904 1346 928 1371 *

787 1406 811 1430 *
1024 1406 1047 1430 *

271 1486 387 1530 Nam
417 1486 525 1528 mihi
555 1485 669 1542 quo?
700 1485 856 1527 Poenis
887 1485 970 1528 tibi
1001 1499 1190 1540 purpura
1222 1484 1388 1540 fulgeat
1419 1487 1549 1528 ostris

333 1556 660 1613 Crystallusque
691 1560 790 1598 tuas
823 1558 947 1598 ornet
977 1570 1140 1610 aquosa
1170 1570 1336 1597 manus.

274 1627 429 1670 Omnia
460 1628 589 1669 surda
618 1630 779 1669 tacent:
809 1627 920 1668 raris
950 1627 1128 1670 adsueta
1157 1626 1354 1669 kalendis

330 1698 416 1740 Vix
447 1698 587 1753 aperit
617 1699 786 1740 clausos
817 1712 903 1740 una
933 1697 1079 1752 puella
1110 1696 1253 1740 Lares.

213 1781 259 1812 55
272 1769 503 1812 Glaucidos
534 1771 577 1811 et
606 1769 772 1811 catulae
803 1782 887 1810 uox
918 1771 984 1810 est
1014 1767 1120 1810 mihi
1152 1771 1278 1823 grata
1309 1770 1545 1823 querentis:

245 1979 338 2016 Vn.
363 1993 461 2016 nnc‘r.
511 1984 557 2015 36
584 1979 690 2022 Quod
715 1983 747 2013 11
780 1981 786 2024 1
817 1980 945 2025 partus
970 1979 1091 2015 millia
1114 1983 1141 2014 Β
1164 1981 1169 2024 1
1197 1981 1296 2015 errat
1319 1985 1348 2015 1)
1370 1982 1375 2025 1
1398 1991 1489 2026 equs
1515 1986 1548 2016 R
1582 1985 1595 2028 11
1632 1989 1677 2020 37

152 2038 275 2075 Conor
297 2039 568 2074 Broukhusius:
595 2037 717 2083 Cogor
742 2041 767 2072 0
796 2039 809 2082 11
838 2041 884 2073 38
911 2039 949 2073 et
974 2038 1103 2074 Arctoi
1128 2051 1155 2074 8.
1182 2051 1217 2084 p.
1243 2039 1313 2075 soli
1338 2039 1561 2078 Fonteinius
1590 2045 1603 2088 11
1632 2049 1677 2079 39

150 2098 264 2144 putus
288 2101 319 2132 V
342 2109 387 2134 m.
413 2102 454 2142 1,
477 2101 520 2133 ut
543 2098 620 2133 uid.
649 2099 662 2143 1
691 2101 736 2132 41
762 2096 912 2132 Assidet
935 2100 1008 2130 DV
1038 2100 1043 2141 1
1065 2097 1203 2133 callida
1227 2097 1407 2134 Heinsius
1423 2100 1437 2143 11
1454 2104 1499 2135 42
1526 2101 1679 2138 Deierat

153 2156 351 2192 Liuineius
370 2158 377 2201 1
397 2157 485 2202 hyb.
509 2162 539 2191 1)
557 2160 588 2190 V
623 2157 637 2201 11
673 2160 718 2191 43
742 2155 886 2201 ypolite
910 2159 938 2189 F
957 2159 989 2189 Π
1012 2155 1197 2201 hippolite
1222 2159 1252 2189 V
1284 2157 1411 2202 (hypp.
1436 2170 1482 2194 m.
1507 2161 1549 2205 2)
1573 2162 1578 2205 1
1599 2172 1677 2196 ma-

151 2215 259 2252 milla
282 2218 312 2249 V
336 2227 405 2261 my.
429 2227 475 2250 m.
500 2218 527 2251 2
544 2217 558 2261 1
575 2219 620 2251 47
646 2214 760 2250 eithie
786 2216 817 2259 (s
838 2215 1015 2259 praefixit
1032 2226 1077 2250 m.
1098 2217 1139 2260 2)
1158 2219 1186 2249 F
1208 2218 1213 2260 1
1235 2216 1332 2251 altas
1352 2219 1394 2259 0:
1419 2217 1526 2254 Atlas
1552 2220 1650 2255 Itali
1666 2224 1675 2265 {3

153 2277 200 2310 48
225 2274 334 2310 Aeris
358 2285 441 2320 eqo,
468 2273 576 2311 C'onr.
600 2274 857 2319 Rossberyius:
882 2273 1030 2309 Africus
1056 2277 1081 2308 0
1113 2274 1215 2319 (Affr.
1240 2278 1269 2308 P
1287 2277 1334 2320 Π)
1364 2277 1502 2312 Aeolus
1527 2277 1676 2314 Fontei-

151 2335 239 2370 m'us
256 2334 394 2369 Arctoo
412 2333 672 2368 Lachmannus
692 2331 861 2368 Tetricus
879 2332 1174 2369 Schneidewinus
1191 2334 1364 2370 Aetheris
1382 2335 1427 2369 L.
1450 2336 1653 2373 Muellerus
1664 2338 1676 2384 1Ι

153 2397 199 2428 49
224 2392 290 2428 sed
314 2392 354 2427 in
378 2393 468 2437 apta
493 2392 587 2427 coni.
607 2391 833 2427 Schraderus
857 2391 1005 2427 deserta
1027 2392 1068 2427 in
1088 2393 1182 2429 coni.
1200 2393 1444 2429 Burmannus
1463 2395 1528 2429 sed
1547 2398 1675 2441 aperte

150 2451 191 2488 in
215 2451 310 2488 coni.
335 2451 598 2486 Lachmannus
633 2452 646 2496 11
675 2455 721 2486 50
746 2450 881 2486 faciem
905 2451 932 2495 (i
956 2452 1162 2497 suppunoeit
1184 2463 1230 2488 m.
1256 2455 1298 2498 2)
1322 2455 1353 2486 V
1370 2454 1383 2498 11
1394 2457 1480 2498 post
1505 2458 1551 2488 50
1576 2455 1675 2490 laeu-

150 2513 248 2546 nam‘
262 2510 447 2546 indicauit
470 2510 779 2555 Luetiohannusn
797 2513 840 2545 51
867 2509 938 2545 tibi
963 2513 1006 2546 0:
1031 2513 1070 2546 te
1094 2514 1126 2545 lt
1150 2504 1183 2546 si
1206 2512 1384 2547 Heinsius
1403 2513 1416 2557 11
1442 2517 1486 2548 52
1513 2512 1620 2549 Crist.
1647 2518 1675 2548 r

91 2570 95 2573 Α
152 2569 403 2615 chrystalnsq3
428 2574 457 2603 1>
478 2571 484 2613 1
505 2570 588 2604 tuas
614 2572 655 2603 0:
681 2580 784 2604 meas
807 2572 840 2603 Π
864 2580 948 2605 suas
972 2569 1228 2606 Brmckhusius
1251 2571 1264 2615 fl
1289 2575 1334 2606 53
1359 2570 1451 2606 raris
1475 2574 1518 2606 0:
1543 2572 1673 2617 rarisq3

150 2631 179 2662 r
197 2640 243 2665 m.
262 2632 301 2672 2,
320 2631 352 2662 Π
385 2630 391 2673 1
424 2629 574 2664 assueta
599 2627 765 2663 calendis
789 2631 834 2672 Ἐς
859 2627 973 2663 radiis
998 2630 1147 2664 assueta
1172 2629 1335 2675 colisque
1361 2630 1540 2665 Heinsius
1563 2631 1673 2666 lanis-

152 2697 223 2732 que
248 2688 398 2723 assueta
415 2686 579 2723 colendis
598 2686 839 2730 Solu-acierum
863 2687 926 2722 sed
943 2698 1023 2722 cum
1041 2699 1147 2724 rarae
1165 2688 1356 2724 Kalendae
1375 2690 1454 2724 sine
1478 2690 1674 2732 offensione

150 2746 242 2790 sint,
274 2746 432 2791 equidem
464 2745 556 2780 raris
593 2746 751 2781 absueta
785 2747 844 2781 uel
865 2747 989 2791 potius
1018 2747 1112 2782 raris
1142 2747 1297 2783 desueta
1321 2747 1500 2783 Kalendis
1524 2748 1648 2782 malim

152 2808 199 2840 54
221 2804 321 2840 latos
344 2807 376 2839 Π
417 2806 430 2850 11
471 2808 516 2839 55
549 2803 750 2839 Glaucidos
774 2804 954 2850 Scaliyer:
980 2805 1184 2841 Graneidos
1209 2811 1238 2840 Ι)
1257 2810 1284 2840 F
1312 2806 1511 2842 Craucidos
1537 2807 1606 2851 (ita
1630 2811 1671 2843 ut

153 2862 180 2900 C
205 2874 250 2900 a
274 2863 327 2909 G,
350 2875 375 2898 u
399 2874 443 2899 ea:
467 2875 492 2898 n
518 2866 713 2899 correctum
736 2863 922 2908 uideatur)
946 2866 976 2897 V
1001 2863 1204 2901 Graueidos
1228 2868 1261 2898 H
