1806 3086
634 655 1234 748 PROLEGOMENA.

289 879 455 930 Quibus
486 879 813 923 difficultatibus
839 879 1000 924 Catulli
1025 884 1069 924 et
1091 881 1253 924 Tibulli
1287 882 1482 924 recensio
1508 882 1697 925 obnoxia

170 952 250 1006 est,
278 965 376 993 eum
408 950 568 994 eisdem
598 950 815 1006 Propertii
846 966 1016 1008 quoque
1048 953 1240 995 carmina
1270 953 1507 1007 luctantur,
1538 954 1696 1008 quippe

97 1054 102 1060 .
166 1035 351 1077 quorum
388 1022 523 1065 codex
559 1023 731 1066 saeculo
763 1022 868 1065 XIV
906 1038 958 1065 ex
995 1024 1249 1066 monasterii
1286 1024 1467 1066 alicuius
1503 1026 1693 1068 tenebris

168 1095 414 1148 protractus
454 1095 499 1135 et
537 1092 777 1149 descriptus
818 1094 1058 1150 iterumque
1099 1095 1308 1138 obliuioni
1347 1095 1532 1138 traditus
1572 1097 1695 1138 triste

167 1162 235 1204 sui
264 1162 519 1206 desiderium
549 1165 769 1220 reliquerit
798 1165 938 1220 nobis,
969 1166 1044 1220 qui
1074 1180 1126 1207 ex
1157 1165 1420 1221 apographis
1451 1167 1695 1209 recentibus

167 1235 398 1291 utcumque
429 1236 587 1278 ueteris
618 1236 737 1278 1111118
767 1236 893 1278 testis
924 1237 1177 1280 memoriam
1208 1237 1464 1279 resuscitare
1490 1237 1693 1280 debemus

0 1286 22 1340 ’ᾗ
107 1349 112 1353 ,
166 1319 264 1347 eum
299 1320 467 1349 summo
503 1307 654 1350 labore
690 1307 917 1364 taedioque
956 1308 1134 1364 ingenti.
1182 1308 1251 1350 his
1291 1308 1413 1350 libris
1444 1323 1543 1351 mss.
1574 1310 1694 1351 noui-

165 1375 246 1419 ciis
275 1391 303 1419 a
331 1377 470 1420 doctis
501 1378 662 1420 saeculi
692 1377 775 1420 XV
805 1378 929 1421 Italis
960 1378 1256 1421 foedissimum
1280 1379 1327 1421 in
1358 1379 1533 1422 modum
1564 1381 1693 1423 inter·

164 1447 323 1502 palatis
353 1462 452 1491 cum
483 1449 747 1492 anteriorum
777 1451 1022 1504 temporum
1053 1450 1267 1506 philologi
1295 1450 1416 1493 nullo
1448 1451 1694 1494 discrimine

163 1519 283 1562 facto
312 1521 553 1575 uterentur,
588 1520 764 1563 tandem
800 1522 901 1562 ante
940 1521 1022 1563 hos
1060 1521 1288 1577 sexaginta
1324 1521 1414 1564 fere
1446 1537 1583 1565 annos
1614 1523 1692 1566 Ca-

163 1590 284 1633 rolus
320 1589 625 1634 Lachmannus
662 1591 764 1648 quid
800 1591 920 1634 factu
958 1594 1073 1634 esset
1110 1607 1217 1647 opus
1254 1594 1492 1648 perspexit:
1532 1595 1693 1636 exami-

163 1661 357 1705 nandum
381 1677 511 1718 quam
542 1663 872 1719 diligentissime
903 1663 1172 1719 singulorum
1198 1663 1391 1706 codicum
1414 1665 1614 1720 pretium,
1644 1668 1694 1707 ut

165 1733 339 1788 quinam
363 1748 512 1777 eorum
536 1734 742 1777 lectiones
769 1734 990 1789 archetypi
1014 1734 1198 1776 fideliter
1226 1734 1442 1776 seruarint
1466 1735 1539 1789 qui
1564 1736 1692 1778 inter·

165 1804 389 1859 polatione
428 1805 516 1847 sint
552 1805 834 1848 contaminati
864 1805 1099 1848 euincatur.
1154 1805 1235 1848 hoc
1272 1819 1370 1847 cum
1406 1806 1571 1861 optimo
1601 1807 1691 1849 iure

162 1875 239 1917 ille
266 1875 496 1932 flagitaret,
525 1878 671 1918 tamen
701 1875 916 1932 quomodo
947 1877 1028 1918 rite
1060 1891 1244 1932 uereque
1268 1876 1415 1932 perfici
1438 1880 1588 1931 posset
1611 1892 1690 1920 nec

163 1945 259 2002 ipse
286 1946 443 1990 habuit
472 1948 706 2003 cognitum.
755 1947 817 1990 sic
847 1947 1009 1990 factum
1041 1950 1107 1990 est
1136 1950 1186 1989 ut
1215 1948 1402 2002 primum
1431 1948 1546 1991 inter
1576 1949 1691 1991 codi-

165 2031 236 2060 ces
271 2017 580 2073 Propertianos
618 2019 760 2061 locum
797 2019 1047 2074 adsignaret
1083 2019 1346 2061 membranis
1386 2018 1690 2076 Groninganis,

163 2101 273 2143 quae
314 2091 417 2131 sunt
455 2089 592 2132 infimi
632 2090 813 2145 ordinis,
852 2090 898 2131 in
936 2090 1133 2145 proximo
1171 2092 1315 2132 autem
1353 2090 1408 2131 ab
1445 2090 1513 2133 bis
1552 2091 1688 2147 gradu

161 2161 343 2213 poneret
371 2159 699 2215 Neapolitanas,
737 2175 916 2216 quarum
954 2176 1082 2217 quam
1121 2161 1254 2204 fallax
1285 2162 1343 2203 sit
1372 2161 1478 2203 fides
1510 2177 1560 2205 ex
1592 2177 1688 2204 mea
1716 2156 1731 2201 J
1776 2192 1803 2202 .,

162 2229 351 2272 editione
377 2231 615 2286 apparebit.
657 2246 760 2274 nam
783 2247 862 2274 nec
887 2233 1024 2275 critici
1047 2233 1230 2275 insecuti
1254 2233 1301 2274 in
1324 2233 1407 2275 hac
1424 2236 1549 2287 parte
1569 2234 1687 2289 quid-

162 2315 293 2356 quam
330 2300 622 2357 profecerunt3
661 2306 706 2345 et
742 2318 1003 2359 quamquam
1039 2303 1307 2346 Lachmanni
1343 2304 1388 2346 in
1419 2305 1687 2347 aestimando

162 2369 445 2428 Groningano
484 2387 602 2416 error
631 2388 720 2416 non
749 2374 876 2417 latuit
905 2375 1152 2431 plerosque,
1187 2378 1334 2418 tamen
1365 2376 1438 2430 qui
1469 2376 1609 2419 denuo
1641 2376 1686 2417 in

162 2457 209 2485 se
240 2443 478 2499 susciperet
508 2458 666 2486 munus
698 2459 801 2487 sane
841 2460 971 2501 quam
1009 2445 1184 2488 difficile
1214 2447 1349 2489 libros
1379 2446 1686 2501 Propertianos

160 2513 234 2556 uia
271 2528 323 2556 ae
360 2514 529 2557 ratione
567 2516 865 2569 perscrutandi
907 2516 1046 2560 adhuc
1086 2520 1279 2572 repertus
1322 2520 1388 2559 est
1427 2532 1572 2572 nemo,
1612 2517 1686 2559 sed

161 2582 496 2639 Neapolitanum
527 2586 614 2628 iam
645 2586 818 2628 unicum
848 2589 992 2630 textus
1022 2588 1271 2630 recensendi
1296 2588 1535 2630 subsidium
1561 2589 1684 2630 anxie

161 2655 366 2711 amplexi,
402 2657 526 2711 quasi
564 2657 674 2698 nulli
712 2657 785 2698 alii
820 2661 974 2713 poetae
1012 2659 1180 2702 codices
1218 2662 1378 2714 essent,
1416 2660 1487 2701 uel
1524 2660 1685 2714 apertis

159 2725 278 2769 illius
323 2727 540 2769 erroribus
588 2727 857 2771 coniecturas
905 2732 1286 2785 superstruxerunt
1328 2733 1479 2786 suapte
1527 2732 1685 2772 natura

160 2793 376 2851 uentosas.
423 2797 486 2840 ita
516 2798 668 2840 vitium
699 2799 905 2856 priorum,
936 2801 1091 2858 quibus
1123 2816 1271 2844 omnes
1303 2801 1405 2843 libri
1435 2802 1531 2855 pari
1561 2804 1685 2843 erant

1351 2870 1400 2905 a*
