1898 3190
208 128 266 170 54
693 126 953 163 PROPERTII
972 126 1058 163 LIB.
1086 127 1130 164 ΙΙ.
1158 131 1211 162 10.

947 308 1000 356 Χ.

961 428 983 452 *

844 487 866 512 *
1081 486 1103 511 κε

331 555 413 598 Sed
444 558 614 611 tempus
646 556 832 598 lustrare
864 555 960 597 aliis
993 554 1204 597 Helicona
1236 555 1422 610 choreis,

389 627 449 669 Et
479 642 677 681 campum
708 626 851 668 Aonio
882 626 967 667 iam
1000 626 1101 667 dare
1132 628 1302 680 tempus
1334 641 1456 682 equo.

332 698 423 739 Iam
454 698 562 739 libet
593 700 635 738 et
665 698 798 739 fortes
830 711 1067 739 memorare
1100 697 1153 738 ad
1185 696 1347 751 praelia
1377 699 1561 748 turmas,

389 768 449 810 Et
479 768 677 810 Romana
707 768 791 810 mei
825 768 965 810 dicere
997 770 1140 810 castra
1171 767 1304 810 ducis.

297 850 316 881 5
333 839 459 889 Quod
490 840 526 881 si
558 839 759 881 deficiant
789 838 924 893 uires,
957 839 1133 881 audacia
1164 840 1278 880 certe

391 910 505 953 Laus
539 911 638 952 erit:
671 911 717 952 in
748 910 916 966 magnis
950 912 993 952 et
1023 910 1210 952 uoluisse
1242 911 1310 951 sat
1341 913 1418 953 est.

333 981 467 1024 Aetas
499 981 639 1037 prima
670 984 798 1023 canat
828 981 1034 1035 Veneres,
1068 983 1258 1023 extrema
1288 980 1517 1022 tumultus:

393 1052 517 1095 Bella
548 1067 721 1106 canam,
753 1051 924 1106 quando
957 1051 1118 1106 scripta
1149 1051 1295 1105 puella
1324 1065 1420 1093 mea
1452 1052 1530 1094 est.

334 1123 459 1165 Nunc
490 1124 592 1165 uolo
625 1123 833 1165 subducto
866 1122 1040 1177 grauior
1071 1122 1300 1177 procedere
1331 1122 1470 1176 uultu,

278 1206 321 1236 10
395 1194 572 1250 Iamque
602 1188 736 1236 aliam
769 1193 980 1235 citharam
1012 1207 1079 1234 me
1111 1207 1206 1235 mea
1237 1192 1363 1235 Musa
1393 1192 1528 1235 docet.

336 1265 489 1322 Surge,
522 1266 685 1321 anima,
717 1280 768 1307 ex
797 1265 971 1321 humili3
1002 1265 1108 1319 iam,
1141 1265 1350 1319 carmina,
1381 1263 1538 1306 sumite
1569 1263 1700 1318 uires3

394 1337 604 1392 Pierides,
634 1336 781 1392 magni
812 1350 926 1378 nunc
958 1336 1041 1377 erit
1071 1336 1158 1378 oris
1191 1350 1311 1390 opus.

335 1407 429 1450 Iam
459 1409 591 1463 negat
620 1406 866 1462 Euphrates
899 1407 1086 1462 equitem
1117 1407 1219 1460 post
1249 1408 1372 1461 terga
1402 1405 1513 1447 tueri

398 1478 659 1520 Parthorum
691 1480 735 1519 et
767 1475 948 1519 Crassos
980 1492 1025 1519 se
1055 1476 1248 1518 tenuisse
1280 1476 1413 1518 dolet:

282 1561 324 1592 15
339 1550 464 1592 India
496 1549 616 1604 quin,
649 1547 865 1604 Auguste,
895 1550 972 1590 tuo
1005 1548 1080 1589 dat
1111 1548 1224 1590 colla
1254 1547 1493 1602 triumpho,

397 1620 457 1663 Et
488 1620 639 1662 domus
670 1619 859 1661 intactae
891 1621 935 1660 te
965 1619 1112 1660 tremit
1143 1618 1350 1660 Arabiae:

337 1692 396 1734 Et
427 1692 463 1734 si
495 1706 578 1746 qua
610 1691 810 1733 extremis
842 1691 971 1732 tellus
1005 1704 1049 1731 se
1082 1690 1299 1732 subtrahit
1330 1690 1434 1745 oris,

403 1763 571 1806 Sentiat
602 1763 677 1804 illa
707 1764 805 1804 tuas
836 1762 1066 1817 postmodo
1098 1764 1223 1815 capta
1253 1775 1417 1804 manus.

344 1835 464 1877 Haec
496 1848 576 1889 ego
610 1835 750 1875 castra
782 1847 947 1888 sequar.
978 1835 1099 1874 uates
1130 1834 1207 1873 tua
1238 1834 1381 1873 castra
1411 1833 1600 1875 canendo

283 1917 327 1947 20
399 1905 585 1960 Magnus
618 1918 703 1946 ero.
735 1906 907 1945 seruent
937 1903 1049 1945 hunc
1082 1903 1186 1944 mihi
1218 1903 1308 1945 fata
1340 1903 1468 1945 diem!

343 1976 402 2018 Ut
433 1978 562 2030 caput
593 1975 638 2016 in
668 1975 840 2030 magnis
871 1974 946 2016 ubi
975 1989 1063 2016 non
1096 1977 1162 2016 est
1193 1977 1369 2029 tangere
1402 1974 1555 2030 signis,

401 2047 581 2090 Ponitur
611 2046 680 2088 hic
713 2045 822 2087 imos
856 2047 955 2087 ante
987 2060 1147 2087 corona
1177 2045 1324 2101 pedes,

320 2248 411 2282 VAR.
444 2259 542 2282 Lacr.
611 2247 654 2282 X.
718 2245 889 2281 Cohaeret
923 2257 1002 2280 eum
1028 2246 1220 2290 prioribus
1250 2246 1292 2280 in
1324 2249 1367 2289 Ε,
1393 2245 1631 2282 interstitium
1660 2246 1752 2290 (sine

226 2308 344 2350 titulo)
370 2308 412 2342 in
436 2312 464 2341 D
485 2310 516 2340 N
535 2310 565 2340 V
595 2307 608 2351 ΙΙ
640 2310 657 2341 1
686 2306 752 2341 Est
775 2310 804 2339 D
831 2307 911 2349 (my.
933 2316 1004 2349 pro
1030 2316 1111 2340 uar.
1139 2306 1213 2340 lect.
1242 2304 1354 2349 Sed)‚l
1377 2304 1523 2340 elicona
1547 2308 1572 2339 0
1603 2307 1608 2347 Ι
1636 2305 1752 2341 coreis

225 2370 252 2399 Ε
277 2368 290 2410 ss
319 2371 339 2401 2
366 2365 486 2401 Aonio
513 2365 709 2400 Heinsius:
736 2364 908 2400 hemonio
929 2368 955 2397 F
981 2363 1126 2398 emonio
1152 2368 1180 2397 1)
1201 2366 1230 2397 V
1256 2364 1381 2408 (huius
1404 2375 1449 2398 m.
1476 2368 1502 2400 2
1527 2367 1560 2399 et
1584 2367 1616 2398 R
1639 2365 1752 2413 hem.)

227 2437 271 2460 ea·
298 2425 330 2459 ΙΙ
356 2429 389 2469 8,
415 2429 478 2467 383
506 2424 678 2460 Emathio
704 2425 748 2459 L.
779 2424 981 2458 Muellerus
1011 2424 1024 2468 ΙΙ
1063 2428 1083 2458 9
1122 2423 1318 2458 succedere
1342 2426 1369 2456 Ε
1406 2424 1419 2467 ΙΙ
1457 2426 1501 2458 10
1537 2422 1690 2468 Iamque
1714 2433 1752 2461 ⁴3:

226 2484 357 2529 Naque
382 2488 409 2517 Ε
434 2484 592 2528 Nanque
618 2488 646 2517 Ι)
679 2484 786 2518 Nunc
811 2486 842 2517 H
861 2485 890 2516 V
921 2482 931 2519 Η
966 2486 1006 2516 11
1037 2481 1158 2517 anime
1179 2482 1355 2517 Heinsius
1377 2483 1382 2527 Ι
1404 2480 1566 2517 exumili.
1591 2481 1667 2516 iam
1691 2485 1718 2515 Ε
1745 2481 1750 2527 Ι

227 2543 393 2579 carmina
412 2547 455 2578 F:
483 2543 646 2578 carmine
666 2547 694 2577 1)
713 2545 743 2576 V
762 2546 794 2577 et
813 2546 860 2585 Νς
881 2542 949 2577 alii
969 2552 1012 2575 ex
1032 2541 1166 2575 humili
1184 2540 1258 2576 iam
1287 2540 1464 2585 carmine3
1491 2540 1624 2575 sumite
1643 2539 1754 2584 uires,

226 2603 393 2638 Pierides
412 2603 641 2647 coniunyunt
674 2602 680 2647 Ι
723 2601 858 2637 sumite
883 2605 911 2634 1)
930 2604 957 2634 Ε
994 2602 1006 2645 ΙΙ
1045 2604 1087 2634 13
1115 2601 1312 2645 euphrates
1337 2603 1384 2635 11:
1410 2599 1572 2635 eufrates
1597 2602 1622 2633 0
1658 2599 1672 2644 ΙΙ
1710 2602 1754 2634 14

227 2664 383 2700 Btorum
408 2665 435 2695 Ε
464 2661 469 2708 Ι
491 2660 664 2696 metuisse
689 2665 717 2694 1)
737 2667 810 2705 pro
834 2671 915 2694 uar.
943 2660 1017 2694 lect.
1045 2669 1131 2703 my„
1157 2661 1187 2691 V
1212 2659 1253 2693 in
1278 2661 1378 2693 textu
1403 2658 1475 2703 (hie
1498 2669 1566 2703 my.
1591 2669 1637 2693 m.
1663 2660 1689 2694 2
1714 2658 1755 2692 at

226 2720 409 2765 timuisse)
429 2721 442 2766 ΙΙ
469 2722 511 2754 15
538 2719 627 2764 quin
653 2729 691 2757 ς;
717 2719 799 2763 quis
826 2722 850 2752 0
879 2718 882 2764 l
913 2718 1069 2763 anguste
1093 2721 1120 2750 Ε
1147 2719 1325 2762 augustae
1351 2720 1383 2750 R
1407 2718 1420 2761 ΙΙ
1448 2720 1490 2751 16
1514 2715 1668 2751 tremuit
1690 2719 1718 2750 Ε
1745 2715 1750 2761 1

227 2815 357 2839 nemus
378 2823 421 2829 —-
442 2802 640 2838 Armeniae
667 2802 759 2836 coni.
787 2801 1008 2836 Fonteinius
1039 2801 1051 2844 ΙΙ
1072 2802 1123 2835 ’17
1150 2801 1251 2835 horis
1276 2803 1306 2833 N
1347 2801 1359 2845 ΙΙ
1404 2802 1446 2834 18
1470 2783 1571 2844 pstu‘i
1596 2800 1651 2835 ita
1674 2802 1701 2833 Ε
1743 2799 1755 2844 Η

229 2868 272 2899 21
295 2864 344 2898 At
358 2862 579 2899 Fonteinius
601 2864 606 2905 Ι
628 2861 693 2896 ubi
713 2862 751 2896 et
768 2872 843 2896 non
862 2860 900 2895 et
918 2861 1018 2905 tang.
1038 2863 1077 2904 Ε,
1098 2870 1188 2896 corr.
1209 2871 1253 2895 m.
1273 2861 1299 2895 2
1317 2859 1330 2905 ΙΙ
1349 2862 1393 2894 22
1413 2857 1514 2893 hicn
1529 2860 1576 2893 V:
1595 2857 1665 2893 hac
1683 2860 1755 2892 ΕΠ
