<?xml version="1.0" encoding="UTF-8"?>
<!DOCTYPE html PUBLIC "-//W3C//DTD XHTML 1.0 Transitional//EN"
    "http://www.w3.org/TR/xhtml1/DTD/xhtml1-transitional.dtd">
<html xmlns="http://www.w3.org/1999/xhtml" xml:lang="en" lang="en">
 <head>
  <title>
</title>
<meta http-equiv="Content-Type" content="text/html;charset=utf-8" />
  <meta name='ocr-system' content='tesseract 3.04.00' />
  <meta name='ocr-capabilities' content='ocr_page ocr_carea ocr_par ocr_line ocrx_word'/>
</head>
<body>
  <div class='ocr_page' id='page_1' title='image "./elegiarumlibrir00propuoft_0130.png"; bbox 0 0 1898 3190; ppageno 0'>
   <div class='ocr_carea' id='block_1_1' title="bbox 214 111 1261 154">
    <p class='ocr_par' dir='ltr' id='par_1_1' title="bbox 214 111 1261 154">
     <span class='ocr_line' id='line_1_1' title="bbox 214 111 1261 154; baseline -0.001 -8"><span class='ocrx_word' id='word_1_1' title='bbox 214 111 269 154; x_wconf 83' lang='lat'>70</span> <span class='ocrx_word' id='word_1_2' title='bbox 649 111 911 147; x_wconf 83' lang='lat' dir='ltr'>PROPERTII</span> <span class='ocrx_word' id='word_1_3' title='bbox 935 111 1024 146; x_wconf 91' lang='lat' dir='ltr'>LIB.</span> <span class='ocrx_word' id='word_1_4' title='bbox 1051 111 1095 147; x_wconf 91' lang='lat'>11.</span> <span class='ocrx_word' id='word_1_5' title='bbox 1124 115 1177 146; x_wconf 88' lang='grc'>19.</span> <span class='ocrx_word' id='word_1_6' title='bbox 1203 115 1261 146; x_wconf 87' lang='grc'>20.</span> 
     </span>
    </p>
   </div>
   <div class='ocr_carea' id='block_1_2' title="bbox 271 219 1571 830">
    <p class='ocr_par' dir='ltr' id='par_1_2' title="bbox 271 219 1571 830">
     <span class='ocr_line' id='line_1_2' title="bbox 388 219 1392 276; baseline -0.001 -14"><span class='ocrx_word' id='word_1_7' title='bbox 388 220 597 276; x_wconf 81' lang='lat' dir='ltr'>Excipere</span> <span class='ocrx_word' id='word_1_8' title='bbox 630 222 674 262; x_wconf 88' lang='lat' dir='ltr'>et</span> <span class='ocrx_word' id='word_1_9' title='bbox 705 220 855 262; x_wconf 87' lang='lat' dir='ltr'>stricto</span> <span class='ocrx_word' id='word_1_10' title='bbox 887 219 1020 275; x_wconf 85' lang='lat' dir='ltr'>figere</span> <span class='ocrx_word' id='word_1_11' title='bbox 1051 234 1178 261; x_wconf 87' lang='lat' dir='ltr'>auem</span> <span class='ocrx_word' id='word_1_12' title='bbox 1210 219 1392 274; x_wconf 85' lang='lat' dir='ltr'>calamo,</span> 
     </span>
     <span class='ocr_line' id='line_1_3' title="bbox 271 289 1370 341; baseline -0.001 -8"><span class='ocrx_word' id='word_1_13' title='bbox 271 302 316 333; x_wconf 83' lang='grc'>25</span> <span class='ocrx_word' id='word_1_14' title='bbox 333 291 427 341; x_wconf 81' lang='lat' dir='ltr'>Qua</span> <span class='ocrx_word' id='word_1_15' title='bbox 456 292 648 333; x_wconf 82' lang='lat' dir='ltr'>formosa</span> <span class='ocrx_word' id='word_1_16' title='bbox 679 305 756 332; x_wconf 91' lang='lat' dir='ltr'>suo</span> <span class='ocrx_word' id='word_1_17' title='bbox 789 289 1031 332; x_wconf 70' lang='lat' dir='ltr'><strong>Clitumnus</strong></span> <span class='ocrx_word' id='word_1_18' title='bbox 1062 289 1241 332; x_wconf 87' lang='lat' dir='ltr'>flumina</span> <span class='ocrx_word' id='word_1_19' title='bbox 1271 290 1370 332; x_wconf 92' lang='lat' dir='ltr'>luco</span> 
     </span>
     <span class='ocr_line' id='line_1_4' title="bbox 389 361 1298 417; baseline -0.002 -13"><span class='ocrx_word' id='word_1_20' title='bbox 389 362 553 417; x_wconf 86' lang='lat' dir='ltr'>Integit</span> <span class='ocrx_word' id='word_1_21' title='bbox 584 363 627 402; x_wconf 88' lang='lat' dir='ltr'>et</span> <span class='ocrx_word' id='word_1_22' title='bbox 657 361 807 403; x_wconf 90' lang='lat' dir='ltr'>niueos</span> <span class='ocrx_word' id='word_1_23' title='bbox 841 361 977 403; x_wconf 90' lang='lat' dir='ltr'>abluit</span> <span class='ocrx_word' id='word_1_24' title='bbox 1007 361 1122 402; x_wconf 86' lang='lat' dir='ltr'>unda</span> <span class='ocrx_word' id='word_1_25' title='bbox 1153 361 1298 403; x_wconf 86' lang='lat' dir='ltr'>boues.</span> 
     </span>
     <span class='ocr_line' id='line_1_5' title="bbox 330 431 1462 488; baseline 0 -14"><span class='ocrx_word' id='word_1_26' title='bbox 330 433 395 475; x_wconf 89' lang='lat' dir='ltr'>Tu</span> <span class='ocrx_word' id='word_1_27' title='bbox 427 432 625 488; x_wconf 87' lang='lat' dir='ltr'>quotiens</span> <span class='ocrx_word' id='word_1_28' title='bbox 657 431 818 487; x_wconf 89' lang='lat' dir='ltr'>aliquid</span> <span class='ocrx_word' id='word_1_29' title='bbox 849 431 1076 486; x_wconf 82' lang='lat' dir='ltr'>conabere,</span> <span class='ocrx_word' id='word_1_30' title='bbox 1108 431 1216 487; x_wconf 89' lang='lat' dir='ltr'>uita,</span> <span class='ocrx_word' id='word_1_31' title='bbox 1247 433 1462 474; x_wconf 90' lang='lat' dir='ltr'>memento</span> 
     </span>
     <span class='ocr_line' id='line_1_6' title="bbox 390 501 1280 558; baseline -0.002 -13"><span class='ocrx_word' id='word_1_32' title='bbox 390 503 635 546; x_wconf 89' lang='lat' dir='ltr'>Venturum</span> <span class='ocrx_word' id='word_1_33' title='bbox 667 502 815 558; x_wconf 82' lang='lat' dir='ltr'>paucis</span> <span class='ocrx_word' id='word_1_34' title='bbox 847 517 915 544; x_wconf 89' lang='lat' dir='ltr'>me</span> <span class='ocrx_word' id='word_1_35' title='bbox 946 502 1028 544; x_wconf 92' lang='lat' dir='ltr'>tibi</span> <span class='ocrx_word' id='word_1_36' title='bbox 1059 501 1280 544; x_wconf 84' lang='lat' dir='ltr'>Luciferis.</span> 
     </span>
     <span class='ocr_line' id='line_1_7' title="bbox 330 573 1399 628; baseline -0.001 -12"><span class='ocrx_word' id='word_1_37' title='bbox 330 574 414 618; x_wconf 91' lang='lat' dir='ltr'>Hic</span> <span class='ocrx_word' id='word_1_38' title='bbox 445 590 513 618; x_wconf 86' lang='lat' dir='ltr'>me</span> <span class='ocrx_word' id='word_1_39' title='bbox 543 588 622 616; x_wconf 91' lang='lat' dir='ltr'>nec</span> <span class='ocrx_word' id='word_1_40' title='bbox 654 573 771 616; x_wconf 87' lang='lat' dir='ltr'>solae</span> <span class='ocrx_word' id='word_1_41' title='bbox 802 574 1007 628; x_wconf 85' lang='lat' dir='ltr'>poterunt</span> <span class='ocrx_word' id='word_1_42' title='bbox 1037 573 1231 615; x_wconf 88' lang='lat' dir='ltr'>auertere</span> <span class='ocrx_word' id='word_1_43' title='bbox 1263 573 1399 615; x_wconf 87' lang='lat' dir='ltr'>siluae</span> 
     </span>
     <span class='ocr_line' id='line_1_8' title="bbox 272 642 1366 700; baseline -0.004 -12"><span class='ocrx_word' id='word_1_44' title='bbox 272 657 316 688; x_wconf 88' lang='lat'>30</span> <span class='ocrx_word' id='word_1_45' title='bbox 389 645 480 688; x_wconf 89' lang='lat' dir='ltr'>Nec</span> <span class='ocrx_word' id='word_1_46' title='bbox 512 659 625 700; x_wconf 86' lang='lat' dir='ltr'>uaga</span> <span class='ocrx_word' id='word_1_47' title='bbox 656 643 867 686; x_wconf 81' lang='lat' dir='ltr'>muscosis</span> <span class='ocrx_word' id='word_1_48' title='bbox 897 642 1076 684; x_wconf 87' lang='lat' dir='ltr'>flumina</span> <span class='ocrx_word' id='word_1_49' title='bbox 1106 643 1205 685; x_wconf 89' lang='lat' dir='ltr'>fusa</span> <span class='ocrx_word' id='word_1_50' title='bbox 1234 644 1366 699; x_wconf 88' lang='lat' dir='ltr'>iugis,</span> 
     </span>
     <span class='ocr_line' id='line_1_9' title="bbox 333 714 1571 772; baseline -0.001 -14"><span class='ocrx_word' id='word_1_51' title='bbox 333 716 445 766; x_wconf 81' lang='lat' dir='ltr'>Quin</span> <span class='ocrx_word' id='word_1_52' title='bbox 479 730 558 772; x_wconf 85' lang='lat' dir='ltr'>ego</span> <span class='ocrx_word' id='word_1_53' title='bbox 590 715 652 757; x_wconf 90' lang='lat' dir='ltr'>ibi</span> <span class='ocrx_word' id='word_1_54' title='bbox 683 715 853 757; x_wconf 88' lang='lat' dir='ltr'>assidua</span> <span class='ocrx_word' id='word_1_55' title='bbox 884 714 1055 756; x_wconf 90' lang='lat' dir='ltr'>mittam</span> <span class='ocrx_word' id='word_1_56' title='bbox 1087 716 1164 757; x_wconf 88' lang='lat' dir='ltr'>tua</span> <span class='ocrx_word' id='word_1_57' title='bbox 1194 715 1373 757; x_wconf 89' lang='lat' dir='ltr'>nomina</span> <span class='ocrx_word' id='word_1_58' title='bbox 1402 715 1571 770; x_wconf 87' lang='lat' dir='ltr'>lingua,</span> 
     </span>
     <span class='ocr_line' id='line_1_10' title="bbox 390 785 1243 830; baseline -0.001 0"><span class='ocrx_word' id='word_1_59' title='bbox 390 788 577 830; x_wconf 89' lang='lat' dir='ltr'>Absenti</span> <span class='ocrx_word' id='word_1_60' title='bbox 607 800 734 829; x_wconf 89' lang='lat' dir='ltr'>nemo</span> <span class='ocrx_word' id='word_1_61' title='bbox 765 786 866 828; x_wconf 88' lang='lat' dir='ltr'>dum</span> <span class='ocrx_word' id='word_1_62' title='bbox 897 785 1094 828; x_wconf 79' lang='lat' dir='ltr'>nocuisse</span> <span class='ocrx_word' id='word_1_63' title='bbox 1126 785 1243 829; x_wconf 86' lang='lat' dir='ltr'>uelit.</span> 
     </span>
    </p>
   </div>
   <div class='ocr_carea' id='block_1_3' title="bbox 932 1059 1030 1108">
    <p class='ocr_par' dir='ltr' id='par_1_3' title="bbox 932 1059 1030 1108">
     <span class='ocr_line' id='line_1_11' title="bbox 932 1059 1030 1108; baseline 0.02 -2"><span class='ocrx_word' id='word_1_64' title='bbox 932 1059 1030 1108; x_wconf 89' lang='lat' dir='ltr'>XX.</span> 
     </span>
    </p>
   </div>
   <div class='ocr_carea' id='block_1_4' title="bbox 278 1163 1735 1930">
    <p class='ocr_par' dir='ltr' id='par_1_4' title="bbox 278 1163 1735 1930">
     <span class='ocr_line' id='line_1_12' title="bbox 336 1163 1473 1220; baseline -0.001 -13"><span class='ocrx_word' id='word_1_65' title='bbox 336 1164 445 1214; x_wconf 82' lang='lat' dir='ltr'>Quid</span> <span class='ocrx_word' id='word_1_66' title='bbox 477 1165 552 1207; x_wconf 87' lang='lat' dir='ltr'>fles</span> <span class='ocrx_word' id='word_1_67' title='bbox 585 1165 770 1207; x_wconf 88' lang='lat' dir='ltr'>abducta</span> <span class='ocrx_word' id='word_1_68' title='bbox 802 1164 977 1219; x_wconf 89' lang='lat' dir='ltr'>grauius</span> <span class='ocrx_word' id='word_1_69' title='bbox 1009 1163 1234 1206; x_wconf 83' lang='lat' dir='ltr'>Briseide?</span> <span class='ocrx_word' id='word_1_70' title='bbox 1267 1164 1367 1220; x_wconf 89' lang='lat' dir='ltr'>quid</span> <span class='ocrx_word' id='word_1_71' title='bbox 1397 1164 1473 1206; x_wconf 89' lang='lat' dir='ltr'>fles</span> 
     </span>
     <span class='ocr_line' id='line_1_13' title="bbox 392 1234 1302 1290; baseline -0.002 -12"><span class='ocrx_word' id='word_1_72' title='bbox 392 1236 536 1278; x_wconf 86' lang='lat' dir='ltr'>Anxia</span> <span class='ocrx_word' id='word_1_73' title='bbox 568 1236 741 1290; x_wconf 88' lang='lat' dir='ltr'>captiua</span> <span class='ocrx_word' id='word_1_74' title='bbox 771 1236 939 1277; x_wconf 86' lang='lat' dir='ltr'>tristius</span> <span class='ocrx_word' id='word_1_75' title='bbox 971 1234 1302 1277; x_wconf 77' lang='lat' dir='ltr'>Andromacha?</span> 
     </span>
     <span class='ocr_line' id='line_1_14' title="bbox 334 1305 1463 1361; baseline -0.002 -11"><span class='ocrx_word' id='word_1_76' title='bbox 334 1308 500 1359; x_wconf 81' lang='lat' dir='ltr'>Quidue</span> <span class='ocrx_word' id='word_1_77' title='bbox 532 1321 627 1349; x_wconf 90' lang='lat' dir='ltr'>mea</span> <span class='ocrx_word' id='word_1_78' title='bbox 658 1307 709 1348; x_wconf 91' lang='lat' dir='ltr'>de</span> <span class='ocrx_word' id='word_1_79' title='bbox 740 1306 889 1348; x_wconf 87' lang='lat' dir='ltr'>fraude</span> <span class='ocrx_word' id='word_1_80' title='bbox 922 1305 1040 1361; x_wconf 84' lang='lat' dir='ltr'>deos,</span> <span class='ocrx_word' id='word_1_81' title='bbox 1071 1306 1240 1354; x_wconf 88' lang='lat' dir='ltr'>insana,</span> <span class='ocrx_word' id='word_1_82' title='bbox 1270 1305 1463 1361; x_wconf 74' lang='lat' dir='ltr'>fatigas?</span> 
     </span>
     <span class='ocr_line' id='line_1_15' title="bbox 394 1377 1468 1434; baseline -0.002 -14"><span class='ocrx_word' id='word_1_83' title='bbox 394 1378 506 1428; x_wconf 82' lang='lat' dir='ltr'>Quid</span> <span class='ocrx_word' id='word_1_84' title='bbox 537 1378 726 1434; x_wconf 88' lang='lat' dir='ltr'>quereris</span> <span class='ocrx_word' id='word_1_85' title='bbox 758 1379 954 1419; x_wconf 89' lang='lat' dir='ltr'>nostram</span> <span class='ocrx_word' id='word_1_86' title='bbox 987 1377 1048 1419; x_wconf 87' lang='lat' dir='ltr'>sic</span> <span class='ocrx_word' id='word_1_87' title='bbox 1081 1377 1281 1419; x_wconf 84' lang='lat' dir='ltr'>cecidisse</span> <span class='ocrx_word' id='word_1_88' title='bbox 1311 1377 1468 1419; x_wconf 77' lang='lat' dir='ltr'>fidem?</span> 
     </span>
     <span class='ocr_line' id='line_1_16' title="bbox 299 1448 1439 1503; baseline 0 -12"><span class='ocrx_word' id='word_1_89' title='bbox 299 1449 433 1493; x_wconf 86' lang='lat' dir='ltr'>5Non</span> <span class='ocrx_word' id='word_1_90' title='bbox 464 1451 556 1492; x_wconf 84' lang='lat' dir='ltr'>tam</span> <span class='ocrx_word' id='word_1_91' title='bbox 586 1451 799 1491; x_wconf 87' lang='lat' dir='ltr'>nocturna</span> <span class='ocrx_word' id='word_1_92' title='bbox 830 1449 1015 1491; x_wconf 87' lang='lat' dir='ltr'>uolucris</span> <span class='ocrx_word' id='word_1_93' title='bbox 1046 1448 1221 1491; x_wconf 84' lang='lat' dir='ltr'>funesta</span> <span class='ocrx_word' id='word_1_94' title='bbox 1251 1449 1439 1503; x_wconf 87' lang='lat' dir='ltr'>querella</span> 
     </span>
     <span class='ocr_line' id='line_1_17' title="bbox 393 1519 1279 1575; baseline -0.002 -12"><span class='ocrx_word' id='word_1_95' title='bbox 393 1521 543 1563; x_wconf 88' lang='lat' dir='ltr'>Attica</span> <span class='ocrx_word' id='word_1_96' title='bbox 575 1519 793 1575; x_wconf 84' lang='lat' dir='ltr'>Cecropiis</span> <span class='ocrx_word' id='word_1_97' title='bbox 825 1520 1038 1575; x_wconf 73' lang='lat' dir='ltr'>obstrepit</span> <span class='ocrx_word' id='word_1_98' title='bbox 1068 1521 1113 1562; x_wconf 92' lang='lat' dir='ltr'>in</span> <span class='ocrx_word' id='word_1_99' title='bbox 1143 1519 1279 1575; x_wconf 83' lang='lat' dir='ltr'>foliis,</span> 
     </span>
     <span class='ocr_line' id='line_1_18' title="bbox 334 1591 1460 1645; baseline -0.001 -11"><span class='ocrx_word' id='word_1_100' title='bbox 334 1591 425 1634; x_wconf 92' lang='lat' dir='ltr'>Nec</span> <span class='ocrx_word' id='word_1_101' title='bbox 456 1595 627 1634; x_wconf 87' lang='lat' dir='ltr'>tantum</span> <span class='ocrx_word' id='word_1_102' title='bbox 657 1591 798 1634; x_wconf 89' lang='lat' dir='ltr'>Niobe</span> <span class='ocrx_word' id='word_1_103' title='bbox 830 1591 897 1633; x_wconf 89' lang='lat' dir='ltr'>bis</span> <span class='ocrx_word' id='word_1_104' title='bbox 930 1606 1003 1633; x_wconf 88' lang='lat' dir='ltr'>sex</span> <span class='ocrx_word' id='word_1_105' title='bbox 1036 1591 1089 1633; x_wconf 87' lang='lat' dir='ltr'>ad</span> <span class='ocrx_word' id='word_1_106' title='bbox 1120 1591 1248 1633; x_wconf 84' lang='lat' dir='ltr'>busta</span> <span class='ocrx_word' id='word_1_107' title='bbox 1274 1591 1460 1645; x_wconf 88' lang='lat' dir='ltr'>superba</span> 
     </span>
     <span class='ocr_line' id='line_1_19' title="bbox 395 1660 1735 1716; baseline -0.001 -11"><span class='ocrx_word' id='word_1_108' title='bbox 395 1662 588 1706; x_wconf 84' lang='lat' dir='ltr'>Sollicito</span> <span class='ocrx_word' id='word_1_109' title='bbox 621 1663 850 1705; x_wconf 88' lang='lat' dir='ltr'>lacrimans</span> <span class='ocrx_word' id='word_1_110' title='bbox 882 1662 1031 1704; x_wconf 88' lang='lat' dir='ltr'>defluit</span> <span class='ocrx_word' id='word_1_111' title='bbox 1063 1677 1088 1704; x_wconf 90' lang='lat' dir='ltr'>a</span> <span class='ocrx_word' id='word_1_112' title='bbox 1119 1660 1280 1716; x_wconf 84' lang='lat' dir='ltr'>Sipylo.</span> <span class='ocrx_word' id='word_1_113' title='bbox 1709 1679 1735 1695; x_wconf 64' lang='grc' dir='ltr'><em>ο</em></span> 
     </span>
     <span class='ocr_line' id='line_1_20' title="bbox 334 1731 1375 1788; baseline -0.003 -12"><span class='ocrx_word' id='word_1_114' title='bbox 334 1733 397 1776; x_wconf 91' lang='lat' dir='ltr'>Mi</span> <span class='ocrx_word' id='word_1_115' title='bbox 427 1734 529 1776; x_wconf 89' lang='lat' dir='ltr'>licet</span> <span class='ocrx_word' id='word_1_116' title='bbox 560 1734 718 1776; x_wconf 89' lang='lat' dir='ltr'>aeratis</span> <span class='ocrx_word' id='word_1_117' title='bbox 751 1733 996 1788; x_wconf 84' lang='lat' dir='ltr'>astringant</span> <span class='ocrx_word' id='word_1_118' title='bbox 1027 1732 1204 1774; x_wconf 85' lang='lat' dir='ltr'>brachia</span> <span class='ocrx_word' id='word_1_119' title='bbox 1233 1731 1375 1787; x_wconf 88' lang='lat' dir='ltr'>nodis,</span> 
     </span>
     <span class='ocr_line' id='line_1_21' title="bbox 278 1802 1532 1848; baseline -0.003 0"><span class='ocrx_word' id='word_1_120' title='bbox 278 1817 321 1848; x_wconf 91' lang='lat'>10</span> <span class='ocrx_word' id='word_1_121' title='bbox 396 1804 491 1847; x_wconf 83' lang='lat' dir='ltr'>Sint</span> <span class='ocrx_word' id='word_1_122' title='bbox 521 1819 618 1847; x_wconf 89' lang='lat' dir='ltr'>mea</span> <span class='ocrx_word' id='word_1_123' title='bbox 648 1805 718 1846; x_wconf 93' lang='lat' dir='ltr'>uel</span> <span class='ocrx_word' id='word_1_124' title='bbox 750 1803 920 1846; x_wconf 85' lang='lat' dir='ltr'>Danaes</span> <span class='ocrx_word' id='word_1_125' title='bbox 953 1803 1127 1846; x_wconf 88' lang='lat' dir='ltr'>condita</span> <span class='ocrx_word' id='word_1_126' title='bbox 1158 1803 1352 1845; x_wconf 90' lang='lat' dir='ltr'>membra</span> <span class='ocrx_word' id='word_1_127' title='bbox 1383 1802 1532 1845; x_wconf 88' lang='lat' dir='ltr'>domo:</span> 
     </span>
     <span class='ocr_line' id='line_1_22' title="bbox 334 1874 1588 1930; baseline -0.002 -12"><span class='ocrx_word' id='word_1_128' title='bbox 334 1876 386 1918; x_wconf 90' lang='lat' dir='ltr'>In</span> <span class='ocrx_word' id='word_1_129' title='bbox 416 1879 460 1918; x_wconf 93' lang='lat' dir='ltr'>te</span> <span class='ocrx_word' id='word_1_130' title='bbox 494 1889 573 1930; x_wconf 86' lang='lat' dir='ltr'>ego</span> <span class='ocrx_word' id='word_1_131' title='bbox 606 1878 649 1917; x_wconf 93' lang='lat' dir='ltr'>et</span> <span class='ocrx_word' id='word_1_132' title='bbox 681 1878 849 1916; x_wconf 87' lang='lat' dir='ltr'>aeratas</span> <span class='ocrx_word' id='word_1_133' title='bbox 882 1889 1097 1930; x_wconf 79' lang='lat' dir='ltr'>rumpam,</span> <span class='ocrx_word' id='word_1_134' title='bbox 1129 1888 1224 1915; x_wconf 89' lang='lat' dir='ltr'>mea</span> <span class='ocrx_word' id='word_1_135' title='bbox 1255 1874 1365 1929; x_wconf 86' lang='lat' dir='ltr'>uita,</span> <span class='ocrx_word' id='word_1_136' title='bbox 1396 1877 1588 1930; x_wconf 76' lang='lat' dir='ltr'>catenas,</span> 
     </span>
    </p>
   </div>
   <div class='ocr_carea' id='block_1_5' title="bbox 217 1966 500 1972">
    <p class='ocr_par' dir='ltr' id='par_1_5' title="bbox 217 1966 500 1972">
     <span class='ocr_line' id='line_1_23' title="bbox 217 1966 500 1972; baseline 0 0"><span class='ocrx_word' id='word_1_137' title='bbox 217 1966 500 1972; x_wconf 95' lang='lat' dir='ltr'> </span> 
     </span>
    </p>
   </div>
   <div class='ocr_carea' id='block_1_6' title="bbox 217 2002 1742 2344">
    <p class='ocr_par' dir='ltr' id='par_1_6' title="bbox 217 2002 1742 2344">
     <span class='ocr_line' id='line_1_24' title="bbox 310 2002 1742 2048; baseline -0.001 -8"><span class='ocrx_word' id='word_1_138' title='bbox 310 2005 403 2041; x_wconf 77' lang='lat' dir='ltr'>VAR.</span> <span class='ocrx_word' id='word_1_139' title='bbox 428 2017 528 2040; x_wconf 61' lang='grc' dir='ltr'><strong>ωεστ.</strong></span> <span class='ocrx_word' id='word_1_140' title='bbox 591 2004 686 2038; x_wconf 75' lang='lat' dir='ltr'>inter</span> <span class='ocrx_word' id='word_1_141' title='bbox 711 2007 756 2038; x_wconf 84' lang='lat'>24</span> <span class='ocrx_word' id='word_1_142' title='bbox 782 2006 813 2038; x_wconf 89' lang='lat' dir='ltr'>et</span> <span class='ocrx_word' id='word_1_143' title='bbox 839 2007 884 2038; x_wconf 84' lang='lat'>25</span> <span class='ocrx_word' id='word_1_144' title='bbox 916 2004 1055 2048; x_wconf 79' lang='lat' dir='ltr'>aliquot</span> <span class='ocrx_word' id='word_1_145' title='bbox 1085 2003 1283 2038; x_wconf 81' lang='lat' dir='ltr'>uersiculos</span> <span class='ocrx_word' id='word_1_146' title='bbox 1313 2003 1538 2039; x_wconf 79' lang='lat' dir='ltr'>intercidisse</span> <span class='ocrx_word' id='word_1_147' title='bbox 1573 2005 1694 2038; x_wconf 83' lang='lat' dir='ltr'>statuo</span> <span class='ocrx_word' id='word_1_148' title='bbox 1730 2002 1742 2048; x_wconf 83' lang='grc' dir='ltr'>Η</span> 
     </span>
     <span class='ocr_line' id='line_1_25' title="bbox 217 2061 1742 2108; baseline -0.003 -8"><span class='ocrx_word' id='word_1_149' title='bbox 217 2069 261 2100; x_wconf 85' lang='grc'>25</span> <span class='ocrx_word' id='word_1_150' title='bbox 288 2065 466 2100; x_wconf 86' lang='lat' dir='ltr'>clituntus</span> <span class='ocrx_word' id='word_1_151' title='bbox 490 2067 521 2097; x_wconf 77' lang='lat' dir='ltr'>N</span> <span class='ocrx_word' id='word_1_152' title='bbox 552 2064 556 2107; x_wconf 95' lang='grc' dir='ltr'>Ι</span> <span class='ocrx_word' id='word_1_153' title='bbox 585 2063 678 2098; x_wconf 88' lang='lat' dir='ltr'>boco</span> <span class='ocrx_word' id='word_1_154' title='bbox 703 2066 748 2105; x_wconf 85' lang='lat' dir='ltr'>F,</span> <span class='ocrx_word' id='word_1_155' title='bbox 774 2073 864 2098; x_wconf 79' lang='lat' dir='ltr'>corr.</span> <span class='ocrx_word' id='word_1_156' title='bbox 891 2073 958 2107; x_wconf 86' lang='lat' dir='ltr'>my.</span> <span class='ocrx_word' id='word_1_157' title='bbox 984 2073 1029 2097; x_wconf 87' lang='lat' dir='ltr'>m.</span> <span class='ocrx_word' id='word_1_158' title='bbox 1056 2064 1082 2098; x_wconf 78' lang='lat'><em>2</em></span> <span class='ocrx_word' id='word_1_159' title='bbox 1112 2063 1124 2107; x_wconf 83' lang='grc' dir='ltr'>ΙΙ</span> <span class='ocrx_word' id='word_1_160' title='bbox 1155 2066 1200 2097; x_wconf 89' lang='grc'>26</span> <span class='ocrx_word' id='word_1_161' title='bbox 1226 2061 1347 2096; x_wconf 90' lang='lat' dir='ltr'>albuit</span> <span class='ocrx_word' id='word_1_162' title='bbox 1369 2066 1397 2095; x_wconf 83' lang='lat' dir='ltr'>F</span> <span class='ocrx_word' id='word_1_163' title='bbox 1424 2063 1430 2108; x_wconf 84' lang='grc' dir='ltr'>Ι</span> <span class='ocrx_word' id='word_1_164' title='bbox 1457 2062 1571 2098; x_wconf 82' lang='lat' dir='ltr'>boues</span> <span class='ocrx_word' id='word_1_165' title='bbox 1595 2065 1623 2095; x_wconf 89' lang='lat' dir='ltr'>F</span> <span class='ocrx_word' id='word_1_166' title='bbox 1641 2065 1673 2095; x_wconf 70' lang='grc' dir='ltr'>Π</span> <span class='ocrx_word' id='word_1_167' title='bbox 1698 2062 1742 2106; x_wconf 92' lang='lat' dir='ltr'>(V</span> 
     </span>
     <span class='ocr_line' id='line_1_26' title="bbox 217 2120 1742 2170; baseline -0.003 -10"><span class='ocrx_word' id='word_1_168' title='bbox 217 2136 285 2170; x_wconf 88' lang='lat' dir='ltr'>my.</span> <span class='ocrx_word' id='word_1_169' title='bbox 311 2136 356 2160; x_wconf 89' lang='lat' dir='ltr'>m.</span> <span class='ocrx_word' id='word_1_170' title='bbox 382 2124 442 2169; x_wconf 78' lang='lat'>2):</span> <span class='ocrx_word' id='word_1_171' title='bbox 467 2123 582 2168; x_wconf 88' lang='lat' dir='ltr'>pedes</span> <span class='ocrx_word' id='word_1_172' title='bbox 607 2126 635 2156; x_wconf 99' lang='grc' dir='ltr'><strong><em>Β</em></strong></span> <span class='ocrx_word' id='word_1_173' title='bbox 651 2125 678 2155; x_wconf 92' lang='lat' dir='ltr'><strong>V</strong></span> <span class='ocrx_word' id='word_1_174' title='bbox 697 2122 710 2166; x_wconf 82' lang='grc' dir='ltr'>ΙΙ</span> <span class='ocrx_word' id='word_1_175' title='bbox 728 2126 773 2157; x_wconf 86' lang='grc'>28</span> <span class='ocrx_word' id='word_1_176' title='bbox 799 2121 1023 2165; x_wconf 87' lang='lat' dir='ltr'>Venturum]</span> <span class='ocrx_word' id='word_1_177' title='bbox 1050 2120 1244 2156; x_wconf 88' lang='lat' dir='ltr'>Vehuntur</span> <span class='ocrx_word' id='word_1_178' title='bbox 1268 2124 1312 2165; x_wconf 85' lang='lat' dir='ltr'>F,</span> <span class='ocrx_word' id='word_1_179' title='bbox 1339 2131 1430 2156; x_wconf 79' lang='lat' dir='ltr'>corr.</span> <span class='ocrx_word' id='word_1_180' title='bbox 1456 2132 1524 2166; x_wconf 90' lang='lat' dir='ltr'>my.</span> <span class='ocrx_word' id='word_1_181' title='bbox 1550 2132 1596 2156; x_wconf 85' lang='lat' dir='ltr'>m.</span> <span class='ocrx_word' id='word_1_182' title='bbox 1622 2122 1678 2165; x_wconf 74' lang='lat'>211</span> <span class='ocrx_word' id='word_1_183' title='bbox 1698 2125 1742 2155; x_wconf 89' lang='grc'>29</span> 
     </span>
     <span class='ocr_line' id='line_1_27' title="bbox 217 2179 1742 2228; baseline -0.003 -9"><span class='ocrx_word' id='word_1_184' title='bbox 217 2184 286 2219; x_wconf 90' lang='lat' dir='ltr'>Hic</span> <span class='ocrx_word' id='word_1_185' title='bbox 308 2186 366 2228; x_wconf 94' lang='lat'>(=</span> <span class='ocrx_word' id='word_1_186' title='bbox 380 2183 490 2227; x_wconf 88' lang='lat' dir='ltr'>Tum)</span> <span class='ocrx_word' id='word_1_187' title='bbox 514 2181 762 2217; x_wconf 80' lang='lat' dir='ltr'>Passeratius:</span> <span class='ocrx_word' id='word_1_188' title='bbox 790 2180 850 2215; x_wconf 88' lang='lat' dir='ltr'>Sic</span> <span class='ocrx_word' id='word_1_189' title='bbox 876 2183 900 2214; x_wconf 93' lang='grc'><strong>0</strong></span> <span class='ocrx_word' id='word_1_190' title='bbox 923 2182 927 2226; x_wconf 89' lang='grc' dir='ltr'>Ι</span> <span class='ocrx_word' id='word_1_191' title='bbox 950 2191 1009 2215; x_wconf 90' lang='lat' dir='ltr'>me</span> <span class='ocrx_word' id='word_1_192' title='bbox 1034 2191 1100 2216; x_wconf 87' lang='lat' dir='ltr'>om.</span> <span class='ocrx_word' id='word_1_193' title='bbox 1120 2184 1148 2214; x_wconf 91' lang='lat' dir='ltr'>F</span> <span class='ocrx_word' id='word_1_194' title='bbox 1173 2192 1218 2215; x_wconf 88' lang='lat' dir='ltr'>m.</span> <span class='ocrx_word' id='word_1_195' title='bbox 1239 2184 1258 2215; x_wconf 85' lang='lat'><strong><em>1</em></strong></span> <span class='ocrx_word' id='word_1_196' title='bbox 1282 2181 1288 2227; x_wconf 81' lang='grc' dir='ltr'>Ι</span> <span class='ocrx_word' id='word_1_197' title='bbox 1310 2180 1502 2216; x_wconf 84' lang='lat' dir='ltr'>aduertere</span> <span class='ocrx_word' id='word_1_198' title='bbox 1521 2183 1549 2213; x_wconf 86' lang='lat' dir='ltr'>F</span> <span class='ocrx_word' id='word_1_199' title='bbox 1568 2181 1580 2224; x_wconf 80' lang='grc' dir='ltr'>ΙΙ</span> <span class='ocrx_word' id='word_1_200' title='bbox 1599 2183 1644 2214; x_wconf 90' lang='grc'>30</span> <span class='ocrx_word' id='word_1_201' title='bbox 1664 2179 1742 2215; x_wconf 89' lang='lat' dir='ltr'>Nec</span> 
     </span>
     <span class='ocr_line' id='line_1_28' title="bbox 217 2238 1742 2290; baseline -0.001 -14"><span class='ocrx_word' id='word_1_202' title='bbox 217 2247 244 2276; x_wconf 81' lang='lat' dir='ltr'>F</span> <span class='ocrx_word' id='word_1_203' title='bbox 258 2247 305 2278; x_wconf 77' lang='lat' dir='ltr'>N:</span> <span class='ocrx_word' id='word_1_204' title='bbox 325 2243 427 2278; x_wconf 89' lang='lat' dir='ltr'>Haec</span> <span class='ocrx_word' id='word_1_205' title='bbox 439 2245 505 2276; x_wconf 85' lang='lat' dir='ltr'>DV</span> <span class='ocrx_word' id='word_1_206' title='bbox 521 2242 525 2290; x_wconf 90' lang='grc' dir='ltr'>Ι</span> <span class='ocrx_word' id='word_1_207' title='bbox 541 2241 697 2278; x_wconf 86' lang='lat' dir='ltr'>fuscosis</span> <span class='ocrx_word' id='word_1_208' title='bbox 710 2244 737 2274; x_wconf 91' lang='lat' dir='ltr'>F</span> <span class='ocrx_word' id='word_1_209' title='bbox 751 2252 795 2275; x_wconf 91' lang='lat' dir='ltr'>m.</span> <span class='ocrx_word' id='word_1_210' title='bbox 816 2243 836 2275; x_wconf 86' lang='lat'><em>1</em></span> <span class='ocrx_word' id='word_1_211' title='bbox 853 2239 862 2286; x_wconf 74' lang='grc' dir='ltr'>Η</span> <span class='ocrx_word' id='word_1_212' title='bbox 876 2244 919 2275; x_wconf 88' lang='grc'>31</span> <span class='ocrx_word' id='word_1_213' title='bbox 934 2239 986 2275; x_wconf 92' lang='lat' dir='ltr'>ibi</span> <span class='ocrx_word' id='word_1_214' title='bbox 999 2240 1146 2284; x_wconf 74' lang='lat' dir='ltr'>scripsi:</span> <span class='ocrx_word' id='word_1_215' title='bbox 1162 2240 1200 2274; x_wconf 90' lang='lat' dir='ltr'>in</span> <span class='ocrx_word' id='word_1_216' title='bbox 1214 2242 1239 2272; x_wconf 88' lang='grc'><strong>0</strong></span> <span class='ocrx_word' id='word_1_217' title='bbox 1256 2238 1260 2286; x_wconf 83' lang='grc' dir='ltr'>Ι</span> <span class='ocrx_word' id='word_1_218' title='bbox 1278 2239 1425 2274; x_wconf 81' lang='lat' dir='ltr'>mittam</span> <span class='ocrx_word' id='word_1_219' title='bbox 1438 2239 1586 2284; x_wconf 79' lang='lat' dir='ltr'>scripsi:</span> <span class='ocrx_word' id='word_1_220' title='bbox 1601 2239 1742 2275; x_wconf 89' lang='lat' dir='ltr'>mutem</span> 
     </span>
     <span class='ocr_line' id='line_1_29' title="bbox 219 2298 1740 2344; baseline 0 -9"><span class='ocrx_word' id='word_1_221' title='bbox 219 2305 243 2335; x_wconf 92' lang='lat'><strong>0</strong></span> <span class='ocrx_word' id='word_1_222' title='bbox 264 2313 424 2337; x_wconf 81' lang='lat' dir='ltr'>mussem</span> <span class='ocrx_word' id='word_1_223' title='bbox 447 2301 654 2336; x_wconf 80' lang='lat' dir='ltr'>Palmerius</span> <span class='ocrx_word' id='word_1_224' title='bbox 672 2301 811 2335; x_wconf 83' lang='lat' dir='ltr'>motem</span> <span class='ocrx_word' id='word_1_225' title='bbox 831 2299 1089 2343; x_wconf 75' lang='lat' dir='ltr'>Hertzberyius</span> <span class='ocrx_word' id='word_1_226' title='bbox 1106 2299 1119 2344; x_wconf 83' lang='grc' dir='ltr'>ΙΙ</span> <span class='ocrx_word' id='word_1_227' title='bbox 1138 2302 1182 2333; x_wconf 84' lang='grc'>32</span> <span class='ocrx_word' id='word_1_228' title='bbox 1209 2298 1298 2333; x_wconf 85' lang='lat' dir='ltr'>dum</span> <span class='ocrx_word' id='word_1_229' title='bbox 1321 2299 1469 2343; x_wconf 75' lang='lat' dir='ltr'>scripsi:</span> <span class='ocrx_word' id='word_1_230' title='bbox 1495 2309 1571 2333; x_wconf 88' lang='lat' dir='ltr'>non</span> <span class='ocrx_word' id='word_1_231' title='bbox 1597 2301 1622 2332; x_wconf 93' lang='grc'><strong>0</strong></span> <span class='ocrx_word' id='word_1_232' title='bbox 1646 2309 1693 2333; x_wconf 82' lang='lat' dir='ltr'>ne</span> <span class='ocrx_word' id='word_1_233' title='bbox 1718 2307 1740 2335; x_wconf 84' lang='grc' dir='ltr'><strong><em>ς</em></strong></span> 
     </span>
    </p>
   </div>
   <div class='ocr_carea' id='block_1_7' title="bbox 215 2369 1743 2889">
    <p class='ocr_par' dir='ltr' id='par_1_7' title="bbox 215 2369 1743 2889">
     <span class='ocr_line' id='line_1_30' title="bbox 315 2369 1743 2416; baseline -0.001 -9"><span class='ocrx_word' id='word_1_234' title='bbox 315 2372 393 2407; x_wconf 89' lang='grc' dir='ltr'>ΧΧ.</span> <span class='ocrx_word' id='word_1_235' title='bbox 444 2372 558 2408; x_wconf 90' lang='lat' dir='ltr'>Noua</span> <span class='ocrx_word' id='word_1_236' title='bbox 583 2372 696 2416; x_wconf 86' lang='lat' dir='ltr'>eleyia</span> <span class='ocrx_word' id='word_1_237' title='bbox 720 2371 763 2405; x_wconf 76' lang='lat' dir='ltr'>iri</span> <span class='ocrx_word' id='word_1_238' title='bbox 786 2373 816 2404; x_wconf 74' lang='lat' dir='ltr'>N</span> <span class='ocrx_word' id='word_1_239' title='bbox 842 2373 874 2405; x_wconf 84' lang='lat' dir='ltr'>et</span> <span class='ocrx_word' id='word_1_240' title='bbox 899 2381 979 2405; x_wconf 86' lang='lat' dir='ltr'>cum</span> <span class='ocrx_word' id='word_1_241' title='bbox 1004 2370 1111 2404; x_wconf 85' lang='lat' dir='ltr'>titulo</span> <span class='ocrx_word' id='word_1_242' title='bbox 1131 2370 1179 2404; x_wconf 86' lang='lat' dir='ltr'>ad</span> <span class='ocrx_word' id='word_1_243' title='bbox 1199 2369 1389 2413; x_wconf 76' lang='lat' dir='ltr'>cynthiam</span> <span class='ocrx_word' id='word_1_244' title='bbox 1408 2370 1450 2404; x_wconf 78' lang='lat' dir='ltr'>iri</span> <span class='ocrx_word' id='word_1_245' title='bbox 1467 2371 1556 2414; x_wconf 81' lang='lat' dir='ltr'>DV,</span> <span class='ocrx_word' id='word_1_246' title='bbox 1582 2369 1743 2405; x_wconf 77' lang='lat' dir='ltr'>cohaeret</span> 
     </span>
     <span class='ocr_line' id='line_1_31' title="bbox 215 2426 1742 2477; baseline -0.003 -10"><span class='ocrx_word' id='word_1_247' title='bbox 215 2432 337 2477; x_wconf 79' lang='lat' dir='ltr'>priori</span> <span class='ocrx_word' id='word_1_248' title='bbox 361 2432 403 2466; x_wconf 76' lang='lat' dir='ltr'>iri</span> <span class='ocrx_word' id='word_1_249' title='bbox 427 2435 454 2465; x_wconf 89' lang='lat' dir='ltr'>F</span> <span class='ocrx_word' id='word_1_250' title='bbox 473 2433 485 2476; x_wconf 75' lang='grc' dir='ltr'>ΙΙ</span> <span class='ocrx_word' id='word_1_251' title='bbox 506 2434 524 2465; x_wconf 95' lang='grc'><em>1</em></span> <span class='ocrx_word' id='word_1_252' title='bbox 553 2429 659 2473; x_wconf 82' lang='lat' dir='ltr'>Quod</span> <span class='ocrx_word' id='word_1_253' title='bbox 683 2433 711 2463; x_wconf 80' lang='lat' dir='ltr'>F</span> <span class='ocrx_word' id='word_1_254' title='bbox 732 2431 737 2474; x_wconf 81' lang='grc'><em>1</em></span> <span class='ocrx_word' id='word_1_255' title='bbox 759 2428 883 2475; x_wconf 84' lang='lat' dir='ltr'>grauis</span> <span class='ocrx_word' id='word_1_256' title='bbox 903 2431 934 2462; x_wconf 73' lang='lat' dir='ltr'>N</span> <span class='ocrx_word' id='word_1_257' title='bbox 959 2440 1003 2463; x_wconf 86' lang='lat' dir='ltr'>m.</span> <span class='ocrx_word' id='word_1_258' title='bbox 1030 2431 1050 2462; x_wconf 87' lang='lat'><strong><em>1</em></strong></span> <span class='ocrx_word' id='word_1_259' title='bbox 1070 2429 1083 2473; x_wconf 81' lang='lat' dir='ltr'>ss</span> <span class='ocrx_word' id='word_1_260' title='bbox 1102 2432 1122 2463; x_wconf 84' lang='lat'>2</span> <span class='ocrx_word' id='word_1_261' title='bbox 1149 2428 1374 2464; x_wconf 80' lang='lat' dir='ltr'>andromaca</span> <span class='ocrx_word' id='word_1_262' title='bbox 1391 2431 1419 2461; x_wconf 88' lang='lat' dir='ltr'>F</span> <span class='ocrx_word' id='word_1_263' title='bbox 1437 2428 1450 2472; x_wconf 80' lang='grc' dir='ltr'>ΙΙ</span> <span class='ocrx_word' id='word_1_264' title='bbox 1469 2432 1489 2463; x_wconf 83' lang='grc'><strong>5</strong></span> <span class='ocrx_word' id='word_1_265' title='bbox 1514 2427 1667 2472; x_wconf 78' lang='lat' dir='ltr'>querela</span> <span class='ocrx_word' id='word_1_266' title='bbox 1685 2430 1710 2462; x_wconf 88' lang='lat'>0</span> <span class='ocrx_word' id='word_1_267' title='bbox 1729 2426 1742 2474; x_wconf 82' lang='grc' dir='ltr'>ΙΙ</span> 
     </span>
     <span class='ocr_line' id='line_1_32' title="bbox 220 2486 1740 2536; baseline -0.003 -10"><span class='ocrx_word' id='word_1_268' title='bbox 220 2496 240 2526; x_wconf 88' lang='grc'>6</span> <span class='ocrx_word' id='word_1_269' title='bbox 267 2490 438 2536; x_wconf 88' lang='lat' dir='ltr'>cicropiis</span> <span class='ocrx_word' id='word_1_270' title='bbox 462 2494 489 2524; x_wconf 99' lang='lat' dir='ltr'>F</span> <span class='ocrx_word' id='word_1_271' title='bbox 527 2491 539 2535; x_wconf 83' lang='grc' dir='ltr'>ΙΙ</span> <span class='ocrx_word' id='word_1_272' title='bbox 577 2494 595 2525; x_wconf 82' lang='grc'><strong>7</strong></span> <span class='ocrx_word' id='word_1_273' title='bbox 622 2490 767 2524; x_wconf 85' lang='lat' dir='ltr'>tautum</span> <span class='ocrx_word' id='word_1_274' title='bbox 793 2491 824 2522; x_wconf 73' lang='lat' dir='ltr'>N</span> <span class='ocrx_word' id='word_1_275' title='bbox 858 2489 863 2532; x_wconf 92' lang='grc'><em>1</em></span> <span class='ocrx_word' id='word_1_276' title='bbox 899 2488 1057 2532; x_wconf 86' lang='lat' dir='ltr'>superba</span> <span class='ocrx_word' id='word_1_277' title='bbox 1083 2488 1193 2523; x_wconf 83' lang='lat' dir='ltr'>Itali:</span> <span class='ocrx_word' id='word_1_278' title='bbox 1219 2487 1374 2532; x_wconf 85' lang='lat' dir='ltr'>superbe</span> <span class='ocrx_word' id='word_1_279' title='bbox 1401 2490 1425 2520; x_wconf 93' lang='grc'><strong>0</strong></span> <span class='ocrx_word' id='word_1_280' title='bbox 1451 2486 1598 2530; x_wconf 82' lang='lat' dir='ltr'>(niobae</span> <span class='ocrx_word' id='word_1_281' title='bbox 1619 2506 1663 2511; x_wconf 93' lang='lat'><strong>—</strong></span> <span class='ocrx_word' id='word_1_282' title='bbox 1683 2498 1740 2521; x_wconf 87' lang='lat' dir='ltr'>su-</span> 
     </span>
     <span class='ocr_line' id='line_1_33' title="bbox 219 2543 1740 2595; baseline -0.004 -11"><span class='ocrx_word' id='word_1_283' title='bbox 219 2550 354 2595; x_wconf 87' lang='lat' dir='ltr'>perbae</span> <span class='ocrx_word' id='word_1_284' title='bbox 381 2551 416 2594; x_wconf 90' lang='grc' dir='ltr'>ς)</span> <span class='ocrx_word' id='word_1_285' title='bbox 443 2559 600 2594; x_wconf 87' lang='lat' dir='ltr'>superne</span> <span class='ocrx_word' id='word_1_286' title='bbox 626 2548 885 2583; x_wconf 75' lang='lat' dir='ltr'>Lachmannus</span> <span class='ocrx_word' id='word_1_287' title='bbox 921 2547 933 2591; x_wconf 76' lang='grc' dir='ltr'>ΙΙ</span> <span class='ocrx_word' id='word_1_288' title='bbox 970 2549 990 2580; x_wconf 92' lang='grc'>8</span> <span class='ocrx_word' id='word_1_289' title='bbox 1017 2545 1216 2581; x_wconf 82' lang='lat' dir='ltr'>lacrimans</span> <span class='ocrx_word' id='word_1_290' title='bbox 1242 2549 1283 2580; x_wconf 91' lang='lat'>0:</span> <span class='ocrx_word' id='word_1_291' title='bbox 1309 2544 1482 2580; x_wconf 82' lang='lat' dir='ltr'>lacrimas</span> <span class='ocrx_word' id='word_1_292' title='bbox 1507 2547 1539 2578; x_wconf 70' lang='lat' dir='ltr'>N</span> <span class='ocrx_word' id='word_1_293' title='bbox 1563 2543 1740 2580; x_wconf 84' lang='lat' dir='ltr'>lacrimae</span> 
     </span>
     <span class='ocr_line' id='line_1_34' title="bbox 220 2603 1741 2652; baseline -0.004 -9"><span class='ocrx_word' id='word_1_294' title='bbox 220 2608 399 2643; x_wconf 75' lang='lat' dir='ltr'>Heinsius</span> <span class='ocrx_word' id='word_1_295' title='bbox 419 2609 425 2652; x_wconf 81' lang='grc'><em>1</em></span> <span class='ocrx_word' id='word_1_296' title='bbox 447 2607 591 2652; x_wconf 86' lang='lat' dir='ltr'>depluit</span> <span class='ocrx_word' id='word_1_297' title='bbox 609 2606 772 2651; x_wconf 84' lang='lat' dir='ltr'>Scaliyer</span> <span class='ocrx_word' id='word_1_298' title='bbox 793 2606 798 2652; x_wconf 88' lang='grc'><em>1</em></span> <span class='ocrx_word' id='word_1_299' title='bbox 820 2604 981 2650; x_wconf 87' lang='lat' dir='ltr'>asiphilo</span> <span class='ocrx_word' id='word_1_300' title='bbox 999 2608 1026 2638; x_wconf 91' lang='lat' dir='ltr'>F</span> <span class='ocrx_word' id='word_1_301' title='bbox 1047 2604 1219 2650; x_wconf 79' lang='lat' dir='ltr'>asyphilo</span> <span class='ocrx_word' id='word_1_302' title='bbox 1238 2607 1269 2638; x_wconf 71' lang='lat' dir='ltr'>N</span> <span class='ocrx_word' id='word_1_303' title='bbox 1295 2603 1428 2649; x_wconf 85' lang='lat' dir='ltr'>asipilo</span> <span class='ocrx_word' id='word_1_304' title='bbox 1447 2608 1475 2637; x_wconf 90' lang='grc' dir='ltr'><strong><em>Β</em></strong></span> <span class='ocrx_word' id='word_1_305' title='bbox 1501 2615 1525 2638; x_wconf 87' lang='lat' dir='ltr'>a</span> <span class='ocrx_word' id='word_1_306' title='bbox 1543 2603 1663 2648; x_wconf 86' lang='lat' dir='ltr'>sypilo</span> <span class='ocrx_word' id='word_1_307' title='bbox 1681 2606 1711 2637; x_wconf 97' lang='lat' dir='ltr'><strong>V</strong></span> <span class='ocrx_word' id='word_1_308' title='bbox 1728 2603 1741 2650; x_wconf 81' lang='grc' dir='ltr'>ΙΙ</span> 
     </span>
     <span class='ocr_line' id='line_1_35' title="bbox 221 2663 1740 2712; baseline -0.004 -10"><span class='ocrx_word' id='word_1_309' title='bbox 221 2671 242 2702; x_wconf 87' lang='grc'><strong>9</strong></span> <span class='ocrx_word' id='word_1_310' title='bbox 268 2666 320 2702; x_wconf 90' lang='lat' dir='ltr'>Mi</span> <span class='ocrx_word' id='word_1_311' title='bbox 339 2677 378 2704; x_wconf 72' lang='lat' dir='ltr'>s:</span> <span class='ocrx_word' id='word_1_312' title='bbox 398 2667 457 2701; x_wconf 91' lang='lat' dir='ltr'>Me</span> <span class='ocrx_word' id='word_1_313' title='bbox 472 2669 496 2700; x_wconf 94' lang='grc'>0</span> <span class='ocrx_word' id='word_1_314' title='bbox 515 2665 518 2712; x_wconf 66' lang='lat' dir='ltr'>J</span> <span class='ocrx_word' id='word_1_315' title='bbox 535 2665 666 2709; x_wconf 72' lang='lat' dir='ltr'>erratis</span> <span class='ocrx_word' id='word_1_316' title='bbox 684 2669 711 2699; x_wconf 86' lang='lat' dir='ltr'>F</span> <span class='ocrx_word' id='word_1_317' title='bbox 727 2666 730 2711; x_wconf 85' lang='grc' dir='ltr'>Ι</span> <span class='ocrx_word' id='word_1_318' title='bbox 746 2663 929 2710; x_wconf 86' lang='lat' dir='ltr'>astringat</span> <span class='ocrx_word' id='word_1_319' title='bbox 947 2663 1122 2699; x_wconf 83' lang='lat' dir='ltr'>bracchia</span> <span class='ocrx_word' id='word_1_320' title='bbox 1140 2667 1168 2696; x_wconf 89' lang='grc' dir='ltr'><strong><em>Β</em></strong></span> <span class='ocrx_word' id='word_1_321' title='bbox 1182 2666 1211 2696; x_wconf 92' lang='lat' dir='ltr'><strong>V</strong></span> <span class='ocrx_word' id='word_1_322' title='bbox 1229 2665 1242 2709; x_wconf 84' lang='grc'>11</span> <span class='ocrx_word' id='word_1_323' title='bbox 1263 2667 1306 2698; x_wconf 88' lang='grc'>10</span> <span class='ocrx_word' id='word_1_324' title='bbox 1332 2663 1393 2698; x_wconf 87' lang='lat' dir='ltr'>uel</span> <span class='ocrx_word' id='word_1_325' title='bbox 1412 2665 1443 2696; x_wconf 72' lang='lat' dir='ltr'>N</span> <span class='ocrx_word' id='word_1_326' title='bbox 1455 2665 1485 2696; x_wconf 94' lang='lat' dir='ltr'><strong>V</strong></span> <span class='ocrx_word' id='word_1_327' title='bbox 1505 2666 1544 2706; x_wconf 74' lang='lat' dir='ltr'>(F</span> <span class='ocrx_word' id='word_1_328' title='bbox 1563 2674 1608 2697; x_wconf 88' lang='lat' dir='ltr'>m.</span> <span class='ocrx_word' id='word_1_329' title='bbox 1621 2664 1648 2698; x_wconf 79' lang='lat'><strong><em>2</em></strong></span> <span class='ocrx_word' id='word_1_330' title='bbox 1661 2665 1694 2698; x_wconf 80' lang='lat' dir='ltr'>et</span> <span class='ocrx_word' id='word_1_331' title='bbox 1710 2666 1740 2696; x_wconf 89' lang='grc' dir='ltr'><strong><em>Β</em></strong></span> 
     </span>
     <span class='ocr_line' id='line_1_36' title="bbox 220 2713 1740 2772; baseline -0.004 -11"><span class='ocrx_word' id='word_1_332' title='bbox 220 2737 289 2772; x_wconf 90' lang='lat' dir='ltr'>my.</span> <span class='ocrx_word' id='word_1_333' title='bbox 312 2736 382 2771; x_wconf 78' lang='lat' dir='ltr'>pro</span> <span class='ocrx_word' id='word_1_334' title='bbox 406 2737 488 2760; x_wconf 84' lang='lat' dir='ltr'>uar.</span> <span class='ocrx_word' id='word_1_335' title='bbox 516 2726 623 2770; x_wconf 86' lang='lat' dir='ltr'>lect.):</span> <span class='ocrx_word' id='word_1_336' title='bbox 648 2735 717 2760; x_wconf 88' lang='lat' dir='ltr'>nec</span> <span class='ocrx_word' id='word_1_337' title='bbox 740 2728 768 2758; x_wconf 92' lang='grc' dir='ltr'><strong><em>Β</em></strong></span> <span class='ocrx_word' id='word_1_338' title='bbox 789 2727 816 2757; x_wconf 88' lang='lat' dir='ltr'>F</span> <span class='ocrx_word' id='word_1_339' title='bbox 844 2726 849 2767; x_wconf 80' lang='grc' dir='ltr'>Ι</span> <span class='ocrx_word' id='word_1_340' title='bbox 883 2723 996 2758; x_wconf 85' lang='lat' dir='ltr'>danes</span> <span class='ocrx_word' id='word_1_341' title='bbox 1022 2726 1053 2756; x_wconf 75' lang='lat' dir='ltr'>N</span> <span class='ocrx_word' id='word_1_342' title='bbox 1072 2725 1102 2756; x_wconf 92' lang='lat' dir='ltr'><strong>V</strong></span> <span class='ocrx_word' id='word_1_343' title='bbox 1127 2724 1173 2767; x_wconf 89' lang='lat' dir='ltr'>(et</span> <span class='ocrx_word' id='word_1_344' title='bbox 1196 2726 1223 2756; x_wconf 90' lang='lat' dir='ltr'>F</span> <span class='ocrx_word' id='word_1_345' title='bbox 1248 2734 1293 2757; x_wconf 85' lang='lat' dir='ltr'>m.</span> <span class='ocrx_word' id='word_1_346' title='bbox 1319 2722 1359 2767; x_wconf 79' lang='lat'>2)</span> <span class='ocrx_word' id='word_1_347' title='bbox 1385 2722 1536 2756; x_wconf 81' lang='lat' dir='ltr'>damnes</span> <span class='ocrx_word' id='word_1_348' title='bbox 1560 2725 1590 2754; x_wconf 92' lang='grc' dir='ltr'><strong><em>Β</em></strong></span> <span class='ocrx_word' id='word_1_349' title='bbox 1615 2713 1740 2756; x_wconf 81' lang='lat' dir='ltr'>demes</span> 
     </span>
     <span class='ocr_line' id='line_1_37' title="bbox 220 2780 1742 2831; baseline -0.004 -11"><span class='ocrx_word' id='word_1_350' title='bbox 220 2789 248 2819; x_wconf 85' lang='lat' dir='ltr'>F</span> <span class='ocrx_word' id='word_1_351' title='bbox 282 2786 288 2831; x_wconf 83' lang='grc' dir='ltr'>Ι</span> <span class='ocrx_word' id='word_1_352' title='bbox 322 2784 451 2831; x_wconf 88' lang='lat' dir='ltr'>domo]</span> <span class='ocrx_word' id='word_1_353' title='bbox 476 2789 504 2818; x_wconf 93' lang='grc' dir='ltr'><strong><em>Β</em></strong></span> <span class='ocrx_word' id='word_1_354' title='bbox 529 2794 599 2828; x_wconf 87' lang='lat' dir='ltr'>my.</span> <span class='ocrx_word' id='word_1_355' title='bbox 624 2795 669 2818; x_wconf 88' lang='lat' dir='ltr'>m.</span> <span class='ocrx_word' id='word_1_356' title='bbox 694 2788 714 2818; x_wconf 90' lang='lat'><strong><em>1</em></strong></span> <span class='ocrx_word' id='word_1_357' title='bbox 742 2787 775 2818; x_wconf 89' lang='lat' dir='ltr'>et</span> <span class='ocrx_word' id='word_1_358' title='bbox 798 2785 828 2816; x_wconf 93' lang='lat' dir='ltr'><strong>V</strong></span> <span class='ocrx_word' id='word_1_359' title='bbox 853 2793 919 2827; x_wconf 88' lang='lat' dir='ltr'>my.</span> <span class='ocrx_word' id='word_1_360' title='bbox 946 2793 990 2816; x_wconf 86' lang='lat' dir='ltr'>m.</span> <span class='ocrx_word' id='word_1_361' title='bbox 1018 2786 1038 2815; x_wconf 91' lang='grc'>2</span> <span class='ocrx_word' id='word_1_362' title='bbox 1065 2783 1106 2816; x_wconf 73' lang='lat' dir='ltr'>at</span> <span class='ocrx_word' id='word_1_363' title='bbox 1130 2781 1242 2817; x_wconf 91' lang='lat' dir='ltr'>modo</span> <span class='ocrx_word' id='word_1_364' title='bbox 1278 2781 1291 2825; x_wconf 89' lang='grc' dir='ltr'>ΙΙ</span> <span class='ocrx_word' id='word_1_365' title='bbox 1329 2783 1370 2815; x_wconf 92' lang='grc'>11</span> <span class='ocrx_word' id='word_1_366' title='bbox 1409 2791 1479 2825; x_wconf 88' lang='lat' dir='ltr'>ego</span> <span class='ocrx_word' id='word_1_367' title='bbox 1505 2781 1542 2815; x_wconf 83' lang='lat' dir='ltr'>et</span> <span class='ocrx_word' id='word_1_368' title='bbox 1567 2780 1742 2824; x_wconf 77' lang='lat' dir='ltr'>(a)eratas</span> 
     </span>
     <span class='ocr_line' id='line_1_38' title="bbox 220 2842 696 2889; baseline -0.006 -12"><span class='ocrx_word' id='word_1_369' title='bbox 220 2847 248 2877; x_wconf 81' lang='lat' dir='ltr'>F</span> <span class='ocrx_word' id='word_1_370' title='bbox 268 2846 315 2878; x_wconf 67' lang='lat' dir='ltr'>N:</span> <span class='ocrx_word' id='word_1_371' title='bbox 342 2854 412 2889; x_wconf 88' lang='lat' dir='ltr'>ego</span> <span class='ocrx_word' id='word_1_372' title='bbox 436 2842 594 2878; x_wconf 82' lang='lat' dir='ltr'>ferratas</span> <span class='ocrx_word' id='word_1_373' title='bbox 618 2846 647 2875; x_wconf 93' lang='grc' dir='ltr'><strong><em>Β</em></strong></span> <span class='ocrx_word' id='word_1_374' title='bbox 666 2845 696 2874; x_wconf 91' lang='lat' dir='ltr'><strong>V</strong></span> 
     </span>
    </p>
   </div>
  </div>
 </body>
</html>
