1898 3190
648 161 921 204 ,ΡΒΟΡΕΒΤΙΙ
943 161 1035 198 LIB.
1060 161 1125 198 ΙΙΙ,
1150 164 1184 197 9.
1605 160 1686 202 121

275 271 547 328 Argumenta
575 272 717 328 magis
749 274 850 314 sunt
879 270 1089 313 Mentoris
1121 270 1267 313 addita
1297 269 1483 324 formae,

336 343 398 385 At
427 343 555 386 Muos
586 344 789 400 exiguum
817 343 957 386 flectit
986 342 1197 385 acanthus
1230 342 1333 392 iter,

220 425 263 457 15
277 413 508 459 Phidiacus
540 415 666 471 signo
698 429 743 456 se
773 413 969 469 Iuppiter
999 417 1127 456 ornat
1157 414 1340 468 eburno,

326 485 596 541 ‚Praxitelem
620 485 750 527 Paria
779 484 972 527 uindicat
1002 484 1106 526 urbe
1137 484 1260 539 lapis.

276 556 360 599 Est
390 556 547 612 quibus
577 555 712 599 Eleae
744 556 961 599 concurrit
989 555 1136 611 palma
1167 554 1422 611 quadrigae,

335 627 420 670 Est
450 628 606 683 quibus
637 627 683 669 in
715 627 875 670 celeres
906 626 1048 683 gloria
1078 628 1184 668 nata
1214 625 1358 680 pedes.

279 699 364 742 Hic
395 701 516 742 satus
545 699 600 741 ad
631 713 799 754 pacem,
829 698 901 740 hic
932 697 1224 740 castrensibus
1254 697 1376 739 utilis
1407 697 1552 739 armis.

222 781 269 813 20
338 769 533 813 Naturae
565 769 759 824 sequitur
789 768 953 811 semina
983 767 1164 824 quisque
1197 782 1309 809 suae.

278 839 340 883 At
368 842 462 896 tua,
493 840 740 892 Maecenas,
772 840 886 882 uitae
917 836 1147 896 praecepta
1176 840 1335 895 recepi,

337 911 482 968 Cogor
513 914 557 955 et
586 912 793 967 exemplis
823 914 868 953 te
900 925 1103 967 superare
1133 910 1232 952 tuis.

277 981 388 1026 Cum
415 984 499 1026 tibi
529 982 726 1026 Romano
758 973 959 1024 dominas
984 982 1031 1023 in
1061 981 1226 1024 honore
1259 995 1428 1023 secures

338 1054 400 1097 Et
428 1055 558 1097 liceat
585 1054 728 1097 medio
757 1069 917 1110 ponere
947 1054 1042 1096 iura
1070 1053 1185 1108 foro,

219 1135 264 1167 25
278 1123 360 1167 Vel
389 1125 474 1167 tibi
503 1125 726 1168 Medorum
758 1138 978 1181 pugnaces
1008 1125 1070 1167 ire
1100 1139 1177 1179 per
1206 1123 1358 1166 hastas

339 1197 484 1253 Atque
516 1211 692 1240 onerare
722 1199 844 1238 tuam
873 1196 959 1238 fixa
989 1211 1069 1251 per
1098 1210 1219 1237 arma
1249 1195 1443 1251 domum,

278 1265 337 1309 Et
366 1267 449 1310 tibi
480 1267 535 1310 ad
565 1267 764 1317 effectum
794 1268 909 1310 uires
941 1267 1014 1309 det
1044 1265 1204 1309 Caesar
1235 1270 1280 1308 et
1311 1268 1429 1309 omni

337 1337 549 1394 Tempore
580 1341 671 1381 tam
700 1338 849 1381 faciles
879 1339 1155 1381 insinuentur
1186 1352 1310 1393 opes,

276 1407 444 1465 Parcis,
474 1413 519 1453 et
547 1410 593 1453 in
622 1412 775 1454 tenues
806 1410 1014 1452 humilem
1044 1412 1087 1452 te
1119 1410 1288 1465 colligis
1321 1410 1515 1465 umbras,

219 1491 265 1523 30
337 1481 544 1524 Velorum
575 1483 728 1537 plenos
760 1481 978 1525 subtrahis
1008 1482 1102 1536 ipse
1133 1481 1267 1524 sinus.

279 1550 413 1595 Crede
443 1553 571 1607 mihi,
600 1566 783 1608 magnos
817 1552 1065 1608 aequabunt
1094 1552 1182 1594 ista
1212 1551 1420 1594 Camillos

336 1622 518 1678 Iudicia,
550 1627 594 1666 et
623 1624 771 1666 uenies
801 1626 851 1666 tu
882 1638 1050 1680 quoque
1080 1623 1127 1665 in
1157 1637 1234 1665 ora
1265 1624 1407 1665 uirum
1414 1657 1426 1678 ,

279 1691 478 1736 Caesaris
510 1697 555 1737 et
583 1695 725 1736 famae
756 1695 942 1750 uestigia
972 1694 1119 1736 iuncta
1148 1694 1333 1736 tenebis:

337 1765 600 1808 Maecenatis
632 1769 757 1808 erunt
787 1780 891 1808 uera
921 1768 1102 1821 tropaea
1132 1765 1249 1808 fides.

221 1845 267 1877 35
279 1833 383 1878 Non
412 1849 493 1892 ego
523 1837 705 1879 uelifera
734 1837 946 1879 tumidum
979 1851 1097 1879 mare
1127 1837 1243 1879 findo
1276 1838 1444 1893 carina,

338 1905 452 1949 Tota
483 1908 558 1950 sed
589 1908 743 1964 exiguo
774 1908 951 1950 flumine
982 1911 1133 1950 nostra
1163 1923 1286 1951 mora
1318 1911 1395 1950 est.

255 2011 349 2047 Vn.
379 2024 479 2047 mor.
532 2017 575 2048 13
602 2012 830 2048 Ornamenta
854 2024 986 2048 manus
1011 2015 1098 2048 sunt
1122 2013 1345 2049 Fonteinius
1374 2015 1388 2058 ΙΙ
1420 2018 1464 2050 14
1489 2017 1540 2051 At
1564 2026 1604 2054 ςε
1632 2017 1689 2053 Ad

162 2073 188 2104 0
227 2070 235 2116 Ι
271 2070 378 2115 Myos
402 2072 500 2108 Itali
523 2072 644 2117 (Muos
669 2072 714 2108 L.
742 2073 978 2116 Muellerum:
1015 2083 1129 2108 nuros
1155 2076 1180 2107 0
1211 2084 1336 2108 muros
1361 2077 1393 2107 Π
1422 2074 1536 2111 miros
1560 2080 1589 2110 D
1620 2088 1689 2122 my.

156 2140 230 2174 pro
253 2140 336 2166 aar.
362 2131 439 2166 lect.
471 2131 477 2175 Ι
511 2142 535 2166 a
558 2132 690 2166 cantus
714 2135 742 2165 r
766 2131 950 2166 achantus
974 2135 1002 2165 1)
1021 2135 1052 2165 u
1072 2135 1102 2165 V
1137 2132 1151 2177 fl
1188 2136 1231 2167 15
1257 2136 1451 2178 corruptus
1477 2136 1613 2178 (armat
1638 2138 1691 2180 ς);

159 2188 368 2225 Phiadiaca
390 2201 451 2225 ars
475 2189 584 2236 signo
607 2191 647 2225 te
672 2190 935 2226 Laehmamms
956 2194 963 2235 Ι
982 2190 1120 2236 iupiter
1143 2195 1172 2225 1²
1189 2193 1252 2236 Rfl
1272 2196 1316 2227 16
1342 2191 1570 2229 Praxitelem
1594 2199 1623 2228 Ι)
1643 2197 1688 2229 V:

159 2247 377 2285 Praxitelen
399 2253 429 2283 r
451 2249 666 2286 Praxitelen
689 2254 722 2284 Π
760 2250 766 2297 Ι
798 2250 908 2286 Paria
930 2250 1204 2286 Broukhusius:
1229 2251 1382 2297 propria
1407 2254 1432 2285 0
1457 2252 1588 2287 Parius
1613 2254 1689 2288 iam

161 2307 259 2343 Itali
292 2308 308 2353 Ι
344 2310 388 2343 17
414 2308 494 2343 elee
517 2312 546 2342 r
570 2309 675 2357 aelee
700 2313 732 2343 Π
757 2309 883 2345 aeleae
907 2313 936 2343 Ι)
954 2312 986 2343 V
1016 2309 1023 2356 Ι
1056 2312 1282 2345 concurrunt
1305 2313 1353 2354 V3
1380 2312 1573 2358 consurgit
1597 2313 1691 2348 coni.

160 2365 384 2401 Fontoinius
412 2367 426 2411 Ι
458 2370 502 2401 19
527 2367 617 2402 satis
641 2371 669 2401 r
694 2379 738 2403 m.
764 2371 785 2403 1
816 2369 830 2413 1
860 2371 906 2403 20
931 2367 1146 2412 sequi{tnr
1171 2369 1227 2413 (in
1250 2380 1325 2405 ras.
1349 2372 1402 2417 ie)
1429 2373 1475 2412 Πς
1503 2371 1692 2415 sequimur

159 2424 448 2471 Broukhusiusn
473 2429 516 2460 21
543 2426 594 2461 Et
617 2430 645 2460 r
668 2438 714 2463 m.
740 2431 760 2462 1
786 2427 897 2472 (unde
920 2426 1022 2463 Haec
1048 2428 1197 2473 conieci)
1220 2430 1225 2470 Ι
1245 2428 1388 2473 recepti
1412 2430 1476 2474 ¹¹ss
1499 2434 1545 2464 22
1572 2430 1691 2466 Conor

160 2483 419 2520 Broukhusius
439 2487 445 2530 Ι
477 2496 536 2520 me
562 2496 736 2531 superare
760 2485 1004 2521 Burmannus
1037 2488 1042 2531 Ι
1076 2485 1172 2522 meis
1196 2489 1228 2520 Β
1252 2498 1298 2522 m.
1323 2490 1350 2522 2
1374 2498 1559 2532 suprascr.
1594 2490 1610 2534 fl
1645 2494 1691 2525 23

161 2544 356 2587 sequentes
379 2547 424 2589 1²,
450 2555 547 2581 corr..
568 2555 637 2589 my.
662 2555 707 2579 m.
733 2546 759 2581 2
777 2545 791 2589 Ι
808 2548 855 2580 24
879 2556 1049 2590 promere
1073 2545 1156 2580 iura
1179 2545 1422 2581 Ruhnkenius
1451 2547 1464 2591 [Ι
1493 2551 1537 2582 25
1563 2548 1690 2584 hastas

169 2602 436 2638 Marklandus:
462 2603 589 2638 hostes
615 2606 641 2637 0
667 2615 773 2639 arcus
796 2604 921 2640 Janus
943 2605 1138 2641 Heluetiae
1162 2606 1267 2640 astus
1291 2605 1554 2641 Laehmannus
1576 2608 1581 2651 Ι
1603 2618 1690 2643 one-

162 2671 245 2696 rare
267 2663 299 2695 V
321 2672 367 2697 m.
393 2666 419 2698 2
445 2673 623 2698 onaerare
647 2665 694 2698 1:
721 2663 902 2699 honerare
927 2667 953 2698 0
977 2664 1159 2700 honorare
1178 2669 1207 2699 F
1230 2677 1277 2701 m.
1296 2669 1323 2701 2
1349 2675 1480 2700 ornare
1504 2665 1690 2711 Dempste-

163 2731 230 2756 rus
262 2721 268 2766 Ι
294 2731 428 2766 parma
450 2724 481 2755 V
497 2722 511 2767 Ι
530 2725 574 2756 27
600 2721 668 2756 dat
693 2724 724 2755 V
747 2733 792 2756 m.
818 2726 845 2758 2
862 2723 877 2768 Ι
893 2726 939 2758 28
964 2722 1172 2758 insinuetur
1195 2726 1226 2757 V
1249 2735 1294 2759 m.
1321 2727 1347 2759 2
1384 2725 1397 2768 ΙΙ
1433 2728 1479 2760 30
1504 2725 1693 2761 contrahis

162 2779 342 2817 Heinsius
369 2781 384 2825 Ι
413 2784 458 2816 33
483 2780 587 2817 uicta
610 2784 641 2814 B
671 2782 684 2825 11
714 2785 761 2816 34
783 2782 941 2827 trophea
966 2785 991 2816 0
1021 2783 1034 2827 ll
1064 2786 1108 2818 35
1134 2793 1201 2818 om.
1227 2786 1259 2816 R
1289 2784 1302 2827 fl
1332 2787 1378 2819 36
1404 2783 1502 2818 Tuta
1526 2792 1549 2820 ς
1582 2786 1587 2827 Ι
1625 2783 1691 2818 sed

50 2865 54 2868 -
163 2839 311 2883 scripsi:
347 2838 416 2874 sub
453 2842 479 2873 0
516 2841 600 2884 (quo
637 2843 774 2875 retento
809 2839 959 2876 flamine
997 2841 1237 2886 Maduiyiu33
1273 2845 1314 2877 at
1348 2845 1442 2877 recte
1477 2845 1693 2886 comparant

0 2916 2 2948 ;
121 2939 131 2947 ,
167 2897 279 2934 Ouid.
301 2898 425 2934 «Tria.
458 2899 492 2933 11
517 2900 601 2943 329)
646 2900 652 2943 Ι
698 2898 847 2935 flumine
871 2902 919 2934 1:
957 2899 1131 2942 efluminc
1154 2904 1182 2934 P
1212 2912 1233 2936 e
1263 2900 1414 2938 flumine
1440 2905 1468 2934 D
1493 2900 1691 2945 {flumine
