1898 3190
653 175 916 213 PROPERTII
938 176 1028 212 LIB.
1053 170 1118 213 ΠΙ.
1145 179 1200 213 17.
1596 173 1682 216 139

841 359 990 407 XVII.

267 464 411 519 Nunc,
442 480 468 507 0
500 465 687 520 Bacche,
717 465 805 507 tuis
835 464 1020 506 humiles
1052 463 1324 506 aduoluimur
1355 461 1459 504 aris:

330 536 400 579 Da
430 536 538 578 mihi
568 538 723 592 pacato
754 537 852 579 uela
883 535 1087 590 secunda,
1116 538 1252 591 pater.

199 635 202 637 Δ
269 607 334 650 Tu
364 610 489 663 potes
520 608 698 650 insanae
729 607 912 650 Veneris
944 609 1214 662 compescere
1245 604 1407 660 fastus,

326 674 621 735 Gurariimque
650 681 727 721 tuo
758 679 808 721 fit
838 678 1051 721 medicina
1079 692 1210 720 mero.

232 759 253 791 5
269 747 351 792 Per
379 752 422 791 te
453 749 708 805 iunguntur,
738 763 816 804 per
845 750 891 791 te
922 749 1151 792 soluuntur
1178 750 1392 790 amantes:

327 819 395 862 'I'u
424 821 579 863 uitium
612 836 663 863 ex
695 820 839 864 animo
871 820 1006 873 dilue,
1038 819 1223 874 Bacche,
1254 834 1364 862 meo.

267 891 329 934 Te
360 906 530 947 quoque
561 892 676 934 enim
706 906 793 934 non
823 906 918 934 esse
949 891 1316 934 rudem-testatur
1346 889 1392 931 in
1424 890 1552 932 astris
1588 919 1593 923 .

326 963 542 1020 Lyncibus
573 964 627 1006 ad
658 965 822 1007 eaelum
854 966 980 1007 uecta
1009 961 1203 1006 Ariadna
1233 962 1333 1004 tuis.

267 1033 363 1078 Hoc
392 1035 517 1091 mihi,
549 1036 663 1091 quod
693 1038 861 1078 ueteres
894 1035 1083 1078 custodit
1113 1034 1159 1075 in
1190 1033 1361 1076 ossibus
1393 1033 1537 1089 ignes,

211 1116 255 1148 10
326 1105 494 1149 Funera
525 1108 739 1150 sanabunt
769 1110 845 1150 aut
874 1110 950 1150 ima
980 1106 1083 1148 uina
1112 1106 1287 1147 malum.

269 1175 446 1233 Semper
477 1179 590 1220 enim
621 1193 781 1221 uacuos
812 1193 898 1221 nox
931 1177 1075 1220 sobria
1105 1178 1283 1232 torquet
1314 1178 1530 1229 amantes,

328 1247 517 1305 Spesque
548 1249 761 1305 timorque
793 1250 983 1292 animum
1014 1250 1160 1291 uersat
1189 1247 1407 1301 utrimque
1439 1260 1594 1288 meum.

269 1319 395 1370 Quod
425 1321 480 1373 si,
511 1320 699 1376 Bacche,
729 1322 815 1364 tuis
846 1336 923 1376 per
952 1320 1119 1363 feruida
1149 1322 1344 1375 tempora
1375 1318 1500 1360 donis

327 1391 573 1435 Accersitus
604 1393 687 1435 erit
718 1407 893 1436 somnus
923 1393 970 1434 in
1001 1407 1098 1434 ossa
1129 1380 1243 1445 mea',

210 1473 254 1505 15
266 1462 367 1519 Ipse
398 1478 538 1506 seram
569 1464 680 1506 uites
712 1478 982 1520 pangamque
1013 1478 1065 1505 ex
1097 1462 1245 1505 ordine
1277 1462 1428 1517 colles,

327 1534 442 1585 Quos
473 1538 655 1591 carpant.
683 1536 829 1577 nullae
859 1550 928 1577 me
960 1535 1168 1590 uigilante
1198 1533 1328 1575 ferae.

266 1605 382 1648 Dum
412 1606 540 1648 modo
572 1621 787 1661 purpureo
820 1608 1020 1661 spument
1050 1604 1159 1647 mihi
1189 1605 1307 1647 dolia
1337 1607 1480 1647 musto

326 1677 386 1719 Et
415 1692 530 1720 noua
560 1677 798 1732 pressantis
829 1677 1024 1732 inquinet
1053 1691 1140 1718 uua
1169 1675 1322 1730 pedes,

268 1747 392 1798 Quod
423 1750 619 1802 superest
648 1748 784 1803 uitae,
815 1763 894 1803 per
922 1750 966 1790 te
997 1749 1042 1789 et
1071 1749 1147 1789 tua
1178 1761 1339 1788 00111113
1368 1747 1515 1789 uiuam
1522 1782 1534 1803 ‚

210 1830 257 1862 20
327 1818 598 1874 Virtutisque
628 1822 747 1874 tuae,
777 1819 964 1874 Bacche,
995 1821 1123 1874 poeta
1152 1818 1279 1860 ferar.

266 1889 420 1932 Dicam
451 1904 532 1946 ego
563 1892 780 1933 maternos
812 1890 1009 1933 Aetnaeo
1040 1890 1220 1932 fulmine
1251 1892 1419 1945 partus,

323 1960 472 2003 Indica
501 1961 685 2016 Nysaeis
716 1961 836 2004 arma
865 1961 1020 2017 fugata
1050 1961 1211 2015 choris,

266 2031 571 2090 Vesanumque
600 2048 716 2076 noua
745 2033 1030 2089 nequicquam
1059 2033 1106 2074 111
1137 2032 1226 2075 uite
1257 2031 1503 2090 Lycurgum
1509 2067 1521 2089 ,

242 2207 333 2243 Vm
360 2221 459 2244 nnc-1¹.
507 2209 622 2245 XVII.
677 2209 792 2245 Noua
816 2210 928 2255 eleyia
953 2220 1034 2244 cum
1058 2209 1164 2244 titulo
1191 2209 1237 2244 ad
1263 2209 1475 2255 baoe(h)um
1500 2212 1542 2246 in
1567 2215 1592 2245 0
1611 2212 1624 2256 ΙΙ
1657 2217 1674 2247 1

147 2266 267 2303 bache
291 2278 428 2313 seraper
450 2271 483 2302 Π
500 2269 621 2305 -bacce
645 2273 674 2303 F
697 2281 743 2305 m.
769 2273 790 2304 1
822 2270 835 2315 fl
865 2273 886 2304 2
910 2270 1046 2314 pacato
1073 2271 1116 2304 0:
1140 2269 1324 2305 bacchato
1350 2272 1381 2303 V
1404 2281 1472 2315 my.
1499 2282 1545 2306 m.
1570 2274 1596 2306 2
1622 2271 1675 2316 [14

149 2326 199 2362 ait
219 2330 267 2371 B,
292 2329 341 2371 et,
366 2330 408 2362 ut
431 2329 527 2372 αἰεὶ,
552 2331 583 2362 V
606 2339 651 2363 m.
677 2331 698 2363 1
718 2330 731 2373 fl
759 2333 780 2364 6
804 2328 918 2364 bacee
941 2331 970 2362 r
1005 2330 1019 2374 fl
1056 2332 1076 2363 7
1110 2327 1150 2363 in
1175 2328 1303 2375 asin-is]
1329 2329 1465 2365 amoris
1488 2330 1676 2366 Burman-

148 2396 221 2421 mcs
236 2385 251 2431 Ι
267 2389 290 2421 8
313 2385 488 2422 Linoibus
511 2390 540 2421 F
561 2389 567 2432 Ι
588 2386 745 2423 adriana
767 2391 796 2422 P
820 2387 1001 2434 adriagna
1024 2388 1087 2432 Nn
1109 2391 1150 2422 10
1176 2387 1258 2434 aut]
1282 2389 1325 2423 ut
1349 2392 1377 2422 F
1406 2390 1420 2434 ΙΙ
1452 2393 1493 2424 11
1522 2389 1676 2435 Semper

149 2455 195 2481 ex
217 2444 313 2490 Sepe
338 2455 430 2482 corr.
455 2449 484 2479 r
522 2447 529 2490 1
562 2449 656 2491 puto
680 2446 814 2482 uiduos
837 2447 896 2482 uel
918 2458 1058 2483 uacuos
1082 2457 1156 2483 nox
1180 2447 1300 2482 somni
1335 2449 1348 2494 Ε
1386 2452 1429 2483 12
1454 2448 1620 2484 animum
1644 2452 1676 2483 V

148 2515 196 2540 m.
219 2508 246 2541 2
272 2515 385 2540 corr.:
412 2503 536 2541 animo
563 2508 588 2539 0
614 2505 757 2542 animos
783 2507 963 2551 Heinsius
1000 2509 1006 2551 Ι
1045 2507 1156 2542 uexat
1181 2516 1204 2544 ς
1242 2508 1248 2552 Ι
1286 2507 1460 2552 utrinque
1485 2519 1610 2544 meum
1635 2519 1676 2547 5:

149 2563 306 2609 utroque
330 2563 442 2600 modo
468 2567 511 2607 03
536 2565 662 2600 malim
686 2565 870 2611 utrimque
895 2565 1015 2601 malus
1051 2567 1065 2611 ΙΙ
1103 2570 1145 2601 13
1180 2566 1294 2602 113000
1318 2570 1346 2600 F
1391 2568 1396 2612 Ι
1445 2570 1487 2602 15
1524 2567 1623 2604 uitos
1648 2571 1675 2601 r

148 2634 194 2659 m.
219 2626 241 2658 1
259 2623 274 2668 fl
293 2627 336 2658 17
363 2625 536 2668 spument
560 2634 600 2661 ςε
625 2635 761 2659 1111111011
784 2630 813 2659 D
831 2628 864 2660 R
881 2628 912 2659 V
936 2625 1024 2661 nffse
1048 2628 1076 2659 F
1094 2627 1108 2671 fl
1128 2629 1170 2660 18
1196 2625 1341 2671 {santis
1364 2629 1396 2660 R
1418 2628 1423 2671 Ι
1444 2626 1588 2671 inquiet
1612 2630 1639 2661 1··
1668 2627 1672 2672 Ι

148 2693 226 2718 11113
248 2685 282 2716 r
301 2694 394 2718 urna
417 2687 446 2716 1>
472 2683 579 2727 (idem
603 2694 671 2728 my.
691 2694 764 2728 pro
787 2695 870 2719 aar.
897 2685 972 2720 lect.
998 2687 1087 2730 uua)
1122 2685 1135 2729 ΙΙ
1173 2689 1216 2720 19
1253 2685 1371 2732 uitae]
1402 2686 1480 2720 inte
1505 2689 1550 2727 B,
1582 2696 1673 2720 corr.

148 2751 218 2786 my.
242 2752 287 2776 m.
313 2743 339 2776 2
368 2742 382 2786 ΙΙ
414 2745 457 2776 19
482 2751 550 2786 per
572 2742 611 2776 te
637 2743 675 2777 et
698 2743 765 2778 tua
790 2745 832 2778 0:
858 2744 896 2778 et
919 2744 987 2780 del.
1012 2744 1274 2779 Lachmannus
1301 2745 1314 2789 Ι]
1344 2749 1390 2779 20
1415 2744 1527 2779 bacee
1552 2745 1671 2788 121121

147 2799 324 2836 1101011100
348 2803 377 2834 r
401 2800 537 2836 ethneo
561 2803 592 2834 11
632 2801 637 2844 Ι
676 2800 831 2837 fulmine
855 2804 886 2836 V
911 2812 1020 2846 corn,
1052 2805 1100 2838 N:
1133 2802 1284 2838 flumine
1310 2806 1335 2837 0
1372 2804 1385 2848 [Ι
1421 2806 1465 2837 22
1509 2801 1621 2837 niseis
1645 2805 1672 2836 r

147 2857 272 2904 nyseis
296 2860 402 2894 ceteri
422 2859 428 2904 Ι
450 2859 544 2894 coris
568 2862 596 2894 P
620 2860 738 2895 thoris
761 2863 792 2894 V
815 2872 860 2896 m.
887 2865 907 2896 1
927 2862 940 2907 11
958 2865 1003 2896 23
1028 2861 1273 2907 nequisquam
1292 2865 1320 2896 P
1339 2874 1384 2897 m.
1405 2865 1425 2896 1
1446 2860 1671 2906 nequiquam

149 2916 748 2966 ulligurgumrlygurgumn
