1898 3190
236 157 294 199 64
720 159 985 199 PROPERTII
1010 160 1100 197 LIB.
1125 161 1172 197 H.
1199 165 1252 198 16.

358 266 457 310 Non
489 270 632 323 potuit
663 273 781 313 saxo'
798 272 934 314 uitam
966 271 1162 326 posuisse
1195 269 1421 314 Cerauno?

413 339 453 380 A
484 339 705 397 Neptune,
736 342 818 384 tibi
853 343 1000 398 qualia
1030 342 1144 385 dona
1175 342 1339 384 darem!

320 409 484 452 5Nunc
517 410 608 453 sine
640 427 708 454 me
739 413 868 468 plena
899 414 1010 455 fiunt
1041 413 1240 456 conuiuia
1271 428 1439 468 mensa,

346 480 354 523 ἶ
414 479 541 523 Ν11116
574 481 664 524 31116
696 498 764 525 1116
795 486 889 526 tota
919 484 1050 527 ianua
1079 487 1205 527 nocte
1238 486 1369 539 patet.

356 550 514 606 Quare,
547 553 584 594 si
617 554 751 610 sapis,
783 555 952 597 oblatas
984 570 1037 597 ne
1070 555 1215 597 desere
1246 569 1429 611 messes,

414 622 473 664 Et
505 623 708 666 stolidum
739 626 866 680 pleno
898 626 1055 674 uellere
1087 640 1214 680 carpe
1246 640 1392 680 pecus:

356 692 536 750 Deinde,
570 694 644 736 ubi
677 698 933 751 consumpto
965 696 1147 738 restabit
1176 710 1352 739 munere
1383 711 1565 752 pauper,

302 775 344 806 10
417 764 497 807 Dic
529 765 636 807 alias
668 766 826 809 iterum
857 767 1037 822 nauiget
1067 766 1250 824 Illyrias.

360 834 550 891 Cynthia
579 851 666 879 non
698 838 891 894 sequitur
920 838 1080 894 fasces,
1109 854 1188 882 nec
1219 841 1341 882 curat
1370 839 1576 883 honores:

418 905 595 961 Semper
626 910 868 951 amatorum
898 909 1109 964 ponderat
1138 909 1215 952 illa
1246 911 1376 954 sinus.

358 976 419 1019 At
447 979 497 1019 tu
526 992 641 1020 nunc
671 980 841 1034 nostro,
871 978 1036 1035 Venus,
1068 995 1093 1023 0
1125 995 1324 1023 3116611116
1355 981 1512 1035 dolori,

416 1047 609 1104 Rumpat
640 1052 688 1092 ut
718 1049 901 1092 assiduis
932 1051 1126 1093 membra
1157 1051 1422 1095 libidinibus.

301 1129 343 1160 15
358 1118 476 1175 Ergo
508 1121 758 1163 muneribus
790 1121 931 1176 quiuis
963 1124 1178 1164 mercatur
1209 1122 1428 1165 amorem?

417 1189 631 1247 Iuppiter,
660 1191 839 1247 indigna
869 1206 1009 1234 merce
1041 1192 1184 1248 puella
1215 1194 1341 1248 perit.

363 1260 539 1317 Semper
569 1263 614 1304 in
645 1262 862 1306 Oceanum
892 1263 1030 1306 mittit
1060 1278 1129 1306 me
1161 1279 1364 1319 quaerere
1395 1279 1605 1322 gemmas,

419 1333 479 1375 Et
509 1333 628 1375 iubet
659 1348 710 1376 ex
741 1334 838 1390 ipsa
867 1335 1020 1377 tollere
1052 1334 1166 1378 dona
1197 1336 1324 1391 Tyro.

359 1403 504 1460 Atque
534 1404 701 1446 utinam
734 1403 896 1447 Romae
927 1419 1054 1447 nemo
1085 1408 1199 1448 esset
1229 1406 1369 1462 diues,
1399 1409 1444 1449 et
1472 1407 1566 1463 ipse

301 1486 346 1517 20
420 1474 664 1518 Straminea
693 1477 841 1530 posset
871 1475 955 1518 dux
985 1475 1185 1519 habitare
1215 1470 1333 1520 casa:

359 1547 606 1602 Numquam
637 1547 812 1588 uenales
844 1549 987 1588 essent
1017 1547 1070 1588 ad
1101 1562 1256 1590 munus
1289 1548 1468 1603 amicae,

420 1617 562 1673 Atque
593 1632 680 1660 una
710 1618 833 1660 fieret
863 1632 972 1660 cana
1003 1619 1147 1672 puella
1177 1619 1322 1662 domo!

361 1688 461 1731 Non
494 1689 595 1744 quia
625 1691 824 1744 septenas
855 1691 1005 1730 noctes
1038 1689 1231 1732 seiuncta
1261 1690 1451 1746 cubaris,

420 1759 612 1802 Candida
642 1761 734 1801 tam
764 1759 891 1802 foedo
923 1759 1102 1802 brachia
1131 1760 1228 1802 fusa
1259 1761 1372 1816 uiro,

302 1843 346 1874 25
361 1831 461 1874 Non
492 1830 593 1886 quia
623 1831 813 1885 peccaris
846 1830 1003 1887 (testor
1033 1830 1113 1887 te),
1145 1832 1218 1873 sed
1250 1832 1351 1887 quia
1381 1833 1514 1889 uulgo

419 1902 640 1946 Formosis
672 1902 830 1944 leuitas
862 1917 1029 1957 semper
1060 1903 1198 1945 amica
1228 1902 1322 1946 fuit.

360 1974 578 2016 Barbarus
610 1973 793 2016 exclusis
826 1973 965 2029 agitat
995 1974 1183 2030 uestigia
1212 1975 1357 2030 nobis,

420 2044 480 2087 Et
513 2045 655 2086 subito
687 2044 790 2086 felix
820 2059 935 2086 nunc
966 2059 1062 2086 mea
1091 2059 1225 2101 regna
1255 2048 1382 2088 tenet.

362 2117 519 2171 Aspice
551 2115 653 2171 quid
685 2115 807 2158 donis
839 2115 1048 2170 Eriphyla
1079 2116 1246 2158 inuenit
1277 2117 1454 2171 amaris,

340 2245 430 2280 VAR.
457 2258 558 2280 macr.
607 2248 629 2279 4
654 2245 714 2280 Ha.
738 2247 765 2277 F
791 2244 849 2279 Ah
873 2249 901 2278 1)
916 2247 990 2277 VN
1009 2245 1021 2289 ΙΙ
1041 2248 1061 2278 9
1087 2244 1166 2290 11111]
1193 2244 1253 2279 cui
1277 2248 1304 2278 F
1329 2256 1373 2279 m.
1400 2247 1420 2279 1
1441 2245 1454 2289 ΙΙ
1474 2247 1518 2279 10
1542 2243 1629 2280 illir.
1653 2247 1681 2278 F
1699 2247 1731 2279 N
1756 2244 1766 2291 Η

246 2310 287 2341 11
315 2309 348 2340 et
375 2309 417 2340 12
438 2308 523 2350 post
550 2308 593 2338 16
614 2304 723 2348 ponit
743 2301 982 2347 Fonteim'us,
1007 2303 1103 2348 quod
1125 2303 1243 2348 placet
1261 2304 1274 2348 ΙΙ
1294 2307 1336 2338 12
1363 2303 1430 2339 illa
1448 2308 1477 2338 1>
1496 2308 1542 2339 V:
1568 2314 1641 2339 una
1659 2307 1687 2337 F
1705 2307 1737 2338 Π
1755 2303 1768 2350 ΙΙ

247 2370 289 2400 13
315 2376 336 2400 o
363 2366 404 2400 in
423 2367 452 2398 V
477 2376 522 2399 m.
548 2368 574 2400 2
601 2364 685 2399 add.
726 2365 731 2408 1
771 2373 919 2398 sucurre
945 2365 975 2395 N
1011 2363 1025 2407 ss
1063 2366 1104 2397 15
1136 2363 1295 2398 amicam
1318 2354 1365 2408 F,
1390 2366 1423 2398 et
1446 2367 1476 2397 1)
1500 2374 1568 2408 my.
1591 2373 1661 2407 pro
1684 2373 1767 2398 aar.

245 2426 320 2460 lect.
353 2425 366 2469 ΙΙ
399 2428 442 2459 16
467 2422 608 2468 Iupiter
633 2427 659 2457 F
679 2426 710 2456 N
744 2424 749 2468 Ι
780 2422 974 2469 indignum
1001 2432 1022 2459 ς
1049 2422 1254 2457 Palmerius
1282 2423 1295 2467 ss
1333 2425 1375 2457 17
1402 2433 1601 2458 occeanum
1627 2424 1652 2455 0
1681 2422 1695 2467 fl
1724 2425 1766 2457 18

244 2484 325 2529 ipsa
350 2493 387 2521 ς;
414 2483 495 2528 ipso
522 2485 546 2515 0
572 2483 584 2527 ΙΙ
609 2486 651 2516 21
680 2481 850 2516 adminus
874 2482 956 2526 (my.
982 2492 1026 2515 m.
1053 2483 1078 2516 2
1103 2481 1251 2525 munus)
1276 2484 1303 2514 F
1333 2481 1346 2525 ΙΙ
1376 2483 1420 2515 22
1444 2479 1574 2527 domo]
1599 2479 1680 2515 uiro
1704 2483 1732 2514 Ξ·
1755 2480 1769 2527 Η

245 2547 289 2577 23
328 2542 540 2587 Numquam
567 2542 739 2586 septenas
760 2561 800 2565 —
825 2539 978 2575 eubares
1005 2540 1083 2584 (hoc
1109 2540 1217 2584 Itali)
1243 2539 1290 2576 A.
1316 2539 1461 2574 Palmer
1499 2540 1505 2583 Ι
1544 2538 1713 2574 seuincta.
1734 2541 1767 2573 Π

245 2602 412 2636 semucta
436 2601 589 2636 cubabis
614 2604 659 2645 F,
685 2611 775 2636 corr.
801 2612 846 2635 m.
872 2602 899 2635 2
935 2600 947 2644 ΙΙ
983 2603 1028 2634 24
1054 2599 1132 2634 fero
1159 2599 1197 2645 (d
1221 2610 1337 2644 supra
1361 2610 1380 2633 1
1403 2610 1447 2634 m.
1473 2599 1514 2643 2)
1539 2601 1567 2631 F
1591 2597 1676 2634 fedo
1701 2601 1733 2633 Π
1759 2598 1764 2644 Ι

244 2660 421 2696 bracchia
443 2664 472 2693 D
492 2662 522 2693 V
548 2661 636 2704 (non
660 2661 701 2705 F)
731 2661 745 2705 11
775 2662 819 2694 25
844 2657 1008 2704 peccaris
1034 2668 1055 2695 ς
1080 2658 1300 2693 Beroaldus:
1325 2655 1510 2702 peccarim
1535 2659 1561 2690 ⁰
1594 2658 1601 2702 Ι
1628 2655 1678 2691 a&
1701 2659 1732 2690 V
1755 2656 1768 2703 ΙΙ

246 2723 289 2755 27
328 2718 487 2754 exclusis
513 2721 555 2753 0:
581 2718 738 2754 exclusit
761 2721 793 2752 N
818 2717 978 2752 excussis
1005 2727 1027 2754 ς
1060 2718 1065 2761 Ι
1102 2716 1254 2752 fastidia
1278 2716 1457 2751 Heinsius
1494 2716 1500 2756 1
1538 2714 1646 2750 nobis
1670 2714 1766 2760 ΑΨ-

244 2789 419 2814 mamms:
445 2777 581 2812 lumbis
607 2780 632 2810 0
656 2778 669 2821 u
694 2781 738 2812 29
765 2776 925 2822 eriphila
949 2780 976 2809 F
995 2779 1026 2809 N
1052 2775 1287 2821 eriphyll(a)e
1311 2779 1339 2809 1)
1358 2777 1405 2820 V,
1437 2774 1604 2819 eriphyle
1629 2785 1651 2812 ς
1679 2775 1685 2818 Ι
1712 2773 1767 2809 in·

245 2838 351 2873 uenit
392 2836 515 2872 auaris
556 2836 754 2871 Liuineius
795 2835 893 2871 fierit
935 2834 1068 2870 amatis
1112 2834 1289 2870 Heinsius
1329 2833 1515 2869 inuenerit
1556 2833 1678 2869 aureis
1714 2832 1765 2870 H.

246 2898 408 2933 Bosscha

1887 2061 1898 2135 -had
