1898 3190
219 150 275 193 ’14
700 151 959 188 PROPERTII
985 152 1074 189 LIB.
1099 153 1146 187 ΙΙ.
1171 156 1227 189 22.

395 260 599 303 Falleris:
630 261 749 302 haut
770 275 971 316 umquam
1003 262 1068 304 est
1099 261 1214 303 culta
1243 261 1390 304 labore
1422 261 1580 304 Venus.

335 332 591 374 Percontere
622 332 739 374 licet:
773 346 898 387 saepe
930 333 996 374 est
1028 335 1204 387 experta
1233 332 1378 387 puella

396 402 595 444 Officium
627 404 720 444 tota
750 405 878 445 nocte
908 403 1051 444 ualere
1083 417 1236 445 meum.

276 483 320 515 25
334 473 528 528 Iuppiter
559 473 790 516 Alcmenae
822 473 1018 528 geminas
1049 474 1319 529 requieuerat
1348 473 1523 528 Arctos,

394 544 454 586 Et
485 545 651 587 caelum
681 547 811 586 noctu
843 545 910 587 bis
943 545 1034 586 sine
1065 559 1165 601 rege
1196 545 1296 587 fuit:

335 614 427 657 Nec
458 618 604 658 tamen
634 615 793 657 idcirco
824 616 1038 671 languens
1071 616 1125 658 ad
1155 616 1338 658 fulmina
1367 615 1499 657 uenit.

394 685 550 728 Nullus
582 701 703 729 amor
734 686 847 728 uires
880 687 1010 741 eripit
1038 687 1131 749 ipse
1164 701 1274 728 suas.

338 756 476 806 Quid?
509 772 605 800 cum
637 772 660 799 e
691 757 917 812 complexu
949 757 1169 800 Briseidos
1200 758 1284 799 iret
1313 756 1522 808 Achilles,

277 839 322 870 30
396 827 512 870 Num
543 828 694 884 fugere
725 829 867 870 minus
900 827 1107 870 Thessala
1137 829 1225 870 tela
1254 827 1476 883 Phryges?

337 898 477 948 Quid?
507 899 625 941 ferus
656 898 986 941 Andromachae
1015 899 1129 948 lecto
1161 913 1257 941 cum
1290 899 1485 954 surgeret
1514 897 1694 953 Hector,

394 968 518 1013 Bella
547 969 804 1026 Mycenaeae
834 985 923 1012 non
953 970 1135 1012 timuere
1164 968 1309 1012 rates?

335 1040 405 1082 Illi
436 1042 505 1083 uel
537 1042 695 1084 classes
727 1043 928 1097 poterant
957 1041 1026 1083 uel
1056 1040 1233 1096 perdere
1264 1054 1433 1082 muros:

395 1111 478 1154 Hic
510 1126 591 1168 ego
623 1111 808 1176 Pelides,
839 1112 910 1154 hic
942 1111 1057 1154 ferus
1088 1111 1252 1154 Hector
1282 1124 1375 1166 ego.

275 1192 320 1224 35
335 1182 492 1237 Aspice
522 1183 588 1226 uti
620 1182 738 1225 caelo
769 1182 897 1224 modo
931 1183 996 1224 sol
1027 1183 1154 1224 modo
1185 1182 1290 1224 luna
1320 1181 1552 1224 ministret:

395 1252 464 1296 Sic
496 1254 626 1296 etiam
658 1254 785 1296 nobis
816 1268 902 1295 una
932 1253 1074 1308 puella
1103 1268 1256 1308 parum
1288 1255 1366 1295 est.

333 1324 485 1367 Altera
516 1340 583 1367 me
617 1325 781 1380 cupidis
812 1327 960 1366 teneat
989 1324 1218 1378 foueatque
1248 1323 1441 1378 lacertis,

394 1397 545 1438 Altera
576 1397 613 1438 si
645 1397 821 1453 quando·
846 1410 935 1438 non
967 1395 1071 1437 sinit
1102 1410 1195 1437 esse
1225 1395 1368 1437 locum

332 1467 438 1521 Aut,
473 1467 508 1509 si
540 1467 651 1510 forte
682 1468 796 1510 irata
829 1467 907 1509 deo
941 1467 997 1509 sit
1027 1467 1144 1509 facta
1175 1467 1368 1522 sinistro,

275 1548 319 1579 40
393 1538 455 1580 Ut
485 1539 593 1580 sciat
624 1553 715 1580 esse
748 1539 895 1594 aliam,
927 1552 1035 1593 quae
1066 1537 1172 1579 uelit
1202 1552 1295 1579 esse
1326 1551 1434 1579 mea.

338 1606 451 1650 Nam
483 1609 638 1651 melius
671 1609 754 1651 duo
788 1608 1020 1651 defendunt
1050 1609 1287 1650 retinacula
1317 1608 1482 1659 nanim,

396 1679 552 1722 Tutius
585 1683 628 1722 et
658 1681 855 1736 geminos
888 1668 1015 1722 anxia
1046 1681 1185 1721 mater
1216 1679 1304 1720 alit.

967 1790 990 1813 *

849 1848 873 1873 *
1086 1848 1109 1872 *

338 1926 445 1982 Aut,
478 1927 514 1969 si
546 1941 590 1969 es
623 1927 746 1982 dura,
777 1941 908 1982 nega:
943 1927 1010 1969 sin
1041 1941 1086 1968 es
1117 1941 1206 1968 non
1238 1925 1361 1981 dura,
1393 1926 1550 1968 uenito.

311 2114 401 2150 VAR.
427 2128 524 2149 ωεστ.
587 2117 631 2148 22
664 2113 757 2148 haut
786 2117 835 2148 N:
870 2114 942 2152 hoc
967 2117 994 2147 F
1026 2113 1125 2148 haud
1149 2117 1177 2147 1)
1196 2116 1226 2146 V
1258 2115 1298 2158 (F
1323 2124 1367 2148 m.
1394 2114 1435 2157 2)
1475 2114 1481 2156 Ι
1518 2123 1682 2157 unquam
1711 2115 1739 2145 r

214 2187 258 2210 m.
285 2177 311 2210 2
337 2177 368 2208 N
387 2177 432 2209 V:
459 2177 624 2217 nuquam
648 2176 675 2206 1²
700 2184 889 2216 nunquam
914 2177 942 2206 D
977 2173 982 2217 Ι
1017 2172 1134 2219 culta]
1160 2172 1258 2207 fessa
1283 2183 1304 2209 ς
1329 2173 1442 2217 rupta
1464 2171 1705 2207 Ruhnkenius
1727 2170 1741 2217 ΙΙ

215 2238 259 2268 23
285 2233 507 2268 Percontere
532 2236 560 2265 D
579 2234 625 2266 V:
653 2231 876 2267 Percuntare
901 2235 928 2264 1?
955 2231 1198 2266 Percunctete
1224 2234 1256 2264 N
1281 2231 1517 2275 (Pereuntere
1542 2233 1572 2263 V
1597 2241 1641 2265 m.
1667 2230 1708 2274 2)
1727 2229 1740 2276 ΙΙ

215 2297 260 2327 24
297 2291 509 2337 Hospitium
533 2295 579 2336 F,
604 2302 695 2327 corr.
728 2302 795 2336 my.
821 2302 865 2325 m.
893 2292 918 2325 2
954 2291 966 2334 ΙΙ
1003 2294 1048 2324 25
1081 2289 1221 2334 Iupiter
1244 2293 1272 2322 F
1290 2292 1321 2322 N
1360 2291 1366 2334 1
1406 2289 1550 2325 almene
1582 2291 1616 2334 (c
1640 2300 1686 2325 m.
1711 2292 1738 2325 2

214 2351 414 2396 suprascr.)
440 2354 467 2383 F
494 2350 687 2397 alchmene
712 2352 742 2383 V
768 2349 935 2384 alcmene
960 2353 988 2382 D
1008 2352 1039 2382 N
1061 2351 1066 2393 ἰ
1089 2350 1188 2384 artos
1207 2352 1235 2382 F
1253 2349 1266 2394 ΙΙ
1284 2352 1328 2384 29
1355 2359 1374 2383 6
1401 2359 1467 2385 om.
1486 2351 1514 2381 Ξ·
1535 2347 1541 2393 Ι
1563 2346 1737 2382 achillem

215 2414 242 2444 Ε
266 2422 311 2446 m.
338 2414 358 2444 1
378 2410 391 2454 ΙΙ
410 2414 455 2444 30
481 2408 580 2443 Num
604 2412 648 2444 F:
674 2408 759 2444 Non
783 2413 812 2442 Ι)
831 2411 861 2441 V
880 2411 911 2441 N
933 2409 938 2452 Ι
959 2407 1080 2442 minus
1105 2419 1148 2442 ex
1172 2407 1282 2442 minis
1308 2419 1399 2443 corr.
1424 2410 1452 2441 F
1474 2409 1479 2452 Ι
1500 2406 1614 2452 friges
1638 2404 1737 2451 ΈΠΙΙ

215 2473 259 2504 31
296 2469 519 2504 andromaoe
544 2471 572 2501 F
606 2467 689 2502 -che
714 2471 742 2500 D
777 2468 783 2511 Ι
816 2477 836 2501 6
867 2467 964 2501 lecto
990 2466 1249 2511 Hertzberyius
1288 2467 1292 2510 Ι
1327 2467 1565 2510 consurgeret
1588 2468 1620 2498 Π
1648 2465 1662 2509 Ι]
1692 2468 1736 2499 32

218 2528 434 2573 micene(a)e
460 2531 487 2560 F
507 2528 631 2572 Π1133
657 2526 717 2560 Illi
743 2525 841 2570 (Illei
859 2524 894 2569 .9)
919 2525 980 2559 uel
1006 2525 1143 2560 classes
1161 2526 1309 2570 scripsi:
1336 2525 1404 2560 Ille
1428 2524 1490 2559 uel
1514 2523 1575 2559 hic
1600 2523 1737 2559 classes

216 2587 351 2632 (calces
376 2591 420 2630 F,
456 2597 546 2622 corr.
571 2597 641 2631 my.
673 2597 718 2621 m.
745 2587 785 2629 2)
818 2587 842 2617 0
882 2584 888 2628 Ι
927 2585 1100 2629 poterant
1129 2587 1176 2618 N:
1212 2584 1361 2629 poterat
1386 2586 1411 2617 0
1452 2584 1466 2628 ΙΙ
1507 2586 1552 2618 38
1595 2583 1738 2628 Altera,

217 2646 249 2681 si
269 2646 416 2690 quando
435 2646 528 2681 haec
548 2645 727 2680 Heinsius
748 2644 754 2688 Ι
775 2642 863 2678 sinit
887 2646 914 2676 F
928 2645 979 2677 N:
1006 2641 1104 2677 sinat
1127 2647 1156 2676 1)
1170 2645 1199 2676 V
1217 2644 1230 2688 ss
1249 2647 1293 2677 39
1319 2642 1388 2677 deo
1409 2662 1452 2667 -
1473 2641 1623 2677 sinistro
1648 2642 1736 2684 (scil.

215 2706 367 2740 Amore:
393 2706 439 2748 cf.
465 2705 480 2739 I
506 2708 540 2748 4,
566 2705 625 2749 26)
650 2703 798 2748 scripsi:
834 2713 916 2737 meo
938 2723 980 2727 —
1001 2701 1170 2737 ministro
1198 2705 1222 2736 0
1249 2712 1350 2736 mero
1371 2721 1415 2726 —
1433 2700 1602 2736 ministro
1627 2700 1736 2736 Jaco-

217 2765 283 2800 bus
300 2764 313 2810 ΙΙ
331 2767 378 2799 40
402 2763 566 2807 aliquam
594 2773 631 2806 ς;
659 2762 817 2798 conicias
841 2761 947 2796 illam
965 2761 978 2805 ss
997 2765 1040 2795 41
1076 2771 1211 2796 nauem
1235 2764 1263 2794 F
1281 2762 1294 2805 ΙΙ
1311 2764 1356 2795 42
1382 2770 1549 2805 gemmos
1573 2763 1618 2804 r,
1643 2769 1735 2794 corr.
1763 2791 1767 2795 ,

217 2835 285 2868 my.
311 2834 356 2859 m.
382 2826 409 2859 2
445 2823 458 2867 ΙΙ
495 2826 540 2857 43
577 2833 669 2867 sqq„
700 2831 787 2866 quos
810 2820 1002 2865 prioribus
1026 2820 1198 2864 adiunqit
1223 2822 1265 2863 0,
1295 2818 1532 2864 seyreyoendos
1563 2829 1633 2853 esse
1662 2818 1738 2853 iam

217 2882 313 2917 Itali
333 2892 555 2926 perspexere3
590 2880 802 2916 intercidere
824 2879 924 2914 haud
942 2889 1068 2923 pauca

1895 2678 1898 2680 .
1887 2278 1898 2649 ......-.-.—-.;——.——-0--
1893 2129 1898 2262 .--...--
1894 2062 1898 2115 --.-
1896 2024 1898 2028 Δ
