1898 3190
246 151 330 192 112
744 152 1004 189 PROPERTII
1028 153 1118 190 LIB.
1144 153 1209 189 III.
1235 157 1267 192 5.

302 270 346 302 25
362 260 473 302 Tum
505 260 611 303 mihi
641 263 819 303 naturae
850 262 984 304 libeat
1014 261 1255 317 perdiscere
1286 278 1442 319 mores,

422 331 526 382 Quis
559 332 663 374 deus
695 332 807 375 hanc
838 326 987 374 mundi
1017 334 1229 388 temperet
1260 335 1352 376 arte
1384 334 1575 390 domum,

361 402 454 453 Qua
486 404 603 445 uenit
634 404 846 459 exoriens,
879 419 964 459 qua
995 404 1157 459 deficit,
1189 405 1300 447 unde
1332 406 1491 448 coactis

417 473 633 517 Cornibus
664 475 711 516 in
741 475 918 529 plenum
950 477 1172 517 menstrua
1203 476 1306 518 luna
1338 476 1468 531 redit,

360 544 483 587 Unde
516 547 607 588 salo
640 549 847 602 superant
877 546 1014 602 uenti,
1046 547 1147 602 quid
1179 547 1350 589 flamine
1382 550 1528 603 captet

301 626 346 657 30
418 616 579 673 Eurus,
610 620 654 659 et
684 618 729 659 in
761 618 895 659 nubes
927 617 1039 659 unde
1070 618 1284 672 peremnis
1317 633 1446 674 aqua,

361 686 427 729 Sit
457 690 642 730 uentura
672 689 781 743 dies,
812 689 961 731 mundi
993 703 1100 744 quae
1133 690 1312 732 subruat
1343 704 1502 745 arcem,

419 758 664 814 Purpureus
696 760 865 815 pluuias
899 774 979 802 cur·
1005 761 1117 803 bibit
1148 775 1270 803 arcus
1303 775 1455 816 aquas,

360 830 449 871 Aut
480 845 555 872 cur
586 830 819 874 Perrhaebi
849 834 1060 874 tremuere
1093 832 1317 874 cacumina
1346 831 1488 888 Pindi,

421 899 535 943 Solis
569 903 613 943 et
645 902 799 944 atratis
832 902 989 944 luxerit
1020 903 1136 945 orbis
1170 903 1307 959 equis,

301 981 345 1013 35
363 969 450 1013 Gur
481 987 602 1014 serus
634 987 807 1015 uersare
838 973 973 1015 boues
1007 975 1050 1015 et
1080 974 1277 1029 plaustra
1307 974 1486 1031 Bootes,

417 1044 638 1086 Pleiadum
671 1045 812 1099 spisso
845 1058 918 1086 cur
949 1045 1037 1087 coit
1067 1045 1167 1101 igne
1199 1045 1372 1102 chorus,

362 1114 502 1158 Curue
535 1131 636 1159 suos
667 1116 771 1158 fines
805 1116 941 1158 altum
971 1130 1059 1158 non
1091 1105 1216 1158 exeat
1246 1131 1421 1173 aequor,

417 1186 577 1230 Plenus
610 1189 654 1229 et
684 1188 730 1230 in
761 1189 906 1242 partes
939 1189 1144 1242 quattuor
1175 1202 1311 1230 annus
1343 1191 1430 1240 eat,

359 1257 447 1300 Sub
479 1259 607 1300 terris
641 1259 727 1301 sint
757 1259 853 1301 iura
883 1259 1010 1301 deum
1040 1260 1084 1300 et
1113 1261 1331 1301 tormenta
1362 1258 1615 1316 Gigantum,

300 1340 344 1371 40
421 1329 681 1385 Tisiphones
714 1331 808 1372 atro
841 1329 877 1372 si
908 1329 1015 1371 furit
1046 1343 1186 1385 angue
1219 1333 1367 1386 caput,

360 1400 450 1443 Aut
480 1401 786 1444 Alcmaeoniae
817 1401 956 1444 furiae
989 1403 1064 1443 aut
1094 1401 1255 1444 ieiunia
1285 1401 1456 1457 Phinei,

417 1471 534 1514 Num
566 1475 679 1528 rota,
710 1487 815 1514 num
848 1473 1031 1528 scopuli,
1061 1487 1166 1514 num
1198 1473 1294 1515 sitis
1326 1473 1438 1515 inter
1469 1487 1620 1528 aquas,

357 1542 474 1586 Num
504 1544 644 1586 tribus
676 1543 891 1586 infernum
924 1543 1113 1586 custodit
1142 1543 1337 1586 faucibus
1370 1546 1540 1586 antrum

417 1613 646 1668 Cerberus,
678 1617 722 1657 et
754 1615 882 1670 Tityo
915 1615 1066 1671 iugera
1097 1612 1247 1670 operta
1276 1629 1453 1671 nouem,

297 1695 341 1726 45
356 1684 426 1727 An
455 1686 557 1728 fieta
588 1686 633 1727 in
664 1685 844 1728 miseras
877 1685 1096 1728 descendit
1126 1685 1275 1727 fabula
1307 1685 1467 1742 gentis,

416 1757 476 1799 Et
506 1757 639 1799 timor
670 1757 778 1799 haut
808 1757 923 1799 ultra
955 1771 1083 1812 quam
1114 1770 1246 1812 rogus
1279 1770 1372 1798 esse
1402 1758 1559 1811 potest.

356 1826 511 1869 Exitus
543 1827 614 1869 hic
644 1828 760 1869 uitae
793 1830 966 1883 superet
997 1827 1123 1870 mihi:
1154 1842 1250 1879 uos,
1282 1828 1435 1883 quibus
1469 1843 1590 1871 arma

415 1897 550 1940 Grata
582 1899 739 1955 magis,
772 1897 920 1942 Crassi
952 1899 1077 1954 signa
1107 1898 1262 1941 referte
1295 1898 1482 1944 domum.

337 2181 425 2217 VAB.
450 2194 550 2217 macr.
600 2184 645 2216 25
671 2181 728 2216 Tu
752 2185 781 2215 1)
812 2182 824 2227 ΙΙ
861 2185 905 2217 28
932 2181 1037 2227 luna]
1063 2181 1232 2228 plenaN
1261 2181 1274 2226 ss
1304 2184 1349 2216 30
1374 2180 1588 2226 perhemnis
1611 2185 1657 2218 1²:
1681 2193 1764 2229 per-

239 2240 371 2276 hennis
396 2244 428 2274 N
451 2241 623 2287 perennis
648 2245 676 2275 1)
696 2243 726 2274 V
744 2241 757 2286 ΙΙ
776 2245 816 2275 31
842 2251 965 2276 arcem
991 2242 1107 2285 (arem
1131 2244 1158 2274 Ε
1183 2252 1228 2275 m.
1254 2241 1290 2285 1)
1318 2243 1360 2275 0:
1387 2250 1490 2276 arces
1514 2243 1545 2274 V
1570 2251 1673 2286 corr„
1698 2245 1730 2275 R
1754 2242 1764 2287 Η

239 2304 283 2335 33
310 2300 484 2345 perrhebi
508 2303 539 2334 V
562 2312 607 2337 m.
628 2304 671 2337 2:
697 2299 854 2345 perhebi
872 2305 900 2334 Ι)
914 2303 945 2334 Ν
958 2303 988 2333 V
1007 2299 1204 2345 perherebi
1221 2303 1249 2333 F
1267 2300 1280 2344 ΙΙ
1299 2303 1345 2335 34
1370 2299 1500 2335 atratis
1519 2303 1566 2335 R:
1593 2299 1764 2336 attractis

245 2362 269 2392 0
297 2361 370 2404 (sed
394 2363 436 2395 ut
461 2363 493 2395 et
517 2361 559 2395 in
583 2364 610 2393 F
636 2363 668 2395 et
692 2360 734 2394 in
751 2362 782 2393 V
808 2370 827 2394 c
847 2371 871 2394 a
890 2370 934 2394 m.
955 2362 980 2395 2
999 2362 1245 2404 suppunetum
1263 2359 1325 2404 sit)
1351 2357 1489 2394 auratis
1507 2363 1536 2393 F
1554 2370 1622 2406 my.
1642 2371 1687 2395 m.
1707 2364 1733 2396 2
1752 2360 1764 2406 ΙΙ

239 2421 284 2453 35
312 2430 413 2455 seros
438 2422 469 2452 N
491 2420 496 2463 1
528 2419 695 2465 plaustra
719 2419 850 2454 bootes
875 2423 904 2453 1>
923 2421 969 2453 V:
996 2418 1147 2453 flamma
1171 2420 1254 2463 (per
1279 2418 1448 2453 lineolam
1472 2419 1538 2455 del.
1563 2430 1608 2455 m.
1634 2420 1676 2464 2)
1699 2429 1764 2464 pa-

236 2476 355 2512 lustra
379 2481 406 2510 F
435 2478 517 2523 (my.
543 2489 588 2513 m.
615 2482 640 2514 2
667 2478 837 2523 boothes)
868 2477 1018 2513 flamma
1042 2478 1141 2513 boon
1164 2480 1196 2511 N
1231 2478 1244 2523 ΙΙ
1280 2481 1325 2513 36
1362 2477 1571 2512 Pelliadum
1595 2480 1640 2521 F,
1671 2488 1761 2513 corr.

236 2547 306 2581 my.
333 2547 378 2572 m.
404 2539 430 2571 2
452 2538 457 2580 1
480 2536 582 2572 ehoit
606 2540 633 2570 F
656 2539 660 2580 Ι
682 2536 801 2572 imbre
826 2537 1006 2572 Heinsius
1024 2537 1037 2582 ΙΙ
1055 2540 1098 2571 37
1127 2536 1199 2571 Cur
1223 2547 1269 2571 ne
1295 2537 1353 2581 ἙΙΙ
1381 2539 1425 2571 38
1452 2537 1612 2581 quatuor
1637 2539 1662 2571 0
1686 2536 1762 2572 iam

237 2597 330 2640 quat
352 2607 371 2629 1·
395 2598 425 2628 V
449 2607 518 2641 my.
543 2607 588 2630 m.
615 2598 641 2631 2
659 2597 672 2642 ΙΙ
691 2599 735 2631 39
761 2596 846 2631 sunt
870 2598 900 2628 V
924 2606 968 2630 m.
990 2599 1015 2631 2
1039 2597 1043 2640 Ι
1065 2594 1260 2640 gigantum
1285 2598 1329 2629 F:
1355 2595 1562 2640 gygantum
1580 2598 1670 2640 DV,
1695 2606 1760 2631 om.

236 2657 268 2688 Π
306 2655 416 2700 (unde
448 2656 649 2700 nocentum
679 2655 886 2700 Hauptius)
923 2655 935 2699 ΙΙ
971 2658 1017 2689 40
1055 2653 1204 2699 Tesiph.
1230 2657 1257 2687 F
1292 2653 1450 2698 Tesyph.
1475 2657 1507 2687 R
1533 2653 1708 2700 Thesiph.
1733 2659 1762 2689 1)

238 2712 405 2759 Thisiph.
433 2716 463 2746 V
481 2714 493 2758 ΙΙ
517 2717 562 2748 41
597 2713 826 2749 alcmeoniae
851 2716 881 2747 V
905 2724 949 2749 m.
976 2715 1019 2757 2,
1044 2716 1092 2748 N:
1118 2712 1355 2758 almeoni(a)e
1381 2716 1405 2746 0
1428 2713 1432 2757 Ι
1458 2711 1557 2747 furte
1581 2716 1610 2747 F
1633 2723 1678 2749 m.
1704 2716 1724 2747 1
1751 2715 1762 2758 Η

239 2775 284 2806 42
311 2771 396 2807 Non
421 2775 474 2807 ter
498 2775 529 2805 N
547 2773 560 2817 ΙΙ
578 2776 623 2807 43
648 2773 733 2808 Non
758 2776 790 2807 N
813 2774 826 2818 u
853 2775 900 2807 44
924 2772 1021 2807 tinto
1044 2775 1071 2805 F
1097 2771 1195 2817 (titio
1220 2783 1288 2817 my.
1314 2783 1359 2808 m.
1385 2772 1426 2816 2)
1450 2772 1454 2816 Ι
1477 2772 1608 2816 operta
1630 2771 1763 2816 scripsi

236 2831 257 2866 ἶ.
288 2831 329 2866 L:
355 2841 476 2875 pauca
501 2833 526 2864 0
563 2832 576 2876 ΙΙ
611 2835 657 2866 45
690 2834 820 2877 gentes
845 2836 873 2865 1)
892 2834 922 2865 V
958 2832 970 2876 ΙΙ
1007 2835 1051 2866 46
1083 2831 1176 2867 haut
1199 2834 1244 2866 N:
1273 2831 1338 2867 aut
1363 2833 1387 2865 0
1424 2831 1436 2875 ΙΙ
1472 2834 1515 2865 47
1549 2831 1698 2876 superet
1722 2839 1761 2867 ςε

236 2891 406 2936 superest
430 2894 455 2925 0
