1898 3190
224 145 285 188 44
702 148 964 185 PROPERTII
989 149 1079 184 LIB.
1105 149 1150 184 II.
1177 154 1210 186 4.
1237 153 1269 185 5.

405 256 506 299 Non
537 257 810 300 Perimedeae
843 258 1040 312 gramina
1071 260 1193 300 cocta
1223 274 1387 303 manus.

348 326 515 383 Quippe
546 328 620 370 ubi
650 343 731 371 nec
763 343 915 371 causas
945 343 1024 372 nec
1055 331 1228 384 apertos
1259 331 1472 373 cernimus
1503 332 1633 388 ictus,

287 409 332 440 20
406 398 529 441 Unde
559 401 706 441 tamen
737 400 914 442 ueniani:
943 402 1012 443 tob
1043 401 1159 443 mala
1190 415 1315 444 caeca
1345 403 1420 445 uia
1449 405 1526 445 est.

348 468 450 511 Non
481 472 582 524 eget
611 469 683 511 hic
714 470 909 526 medicis,
940 485 1030 513 non
1060 471 1183 513 lectis
1215 472 1419 516 mollibus
1451 488 1597 530 aeger,

405 539 518 582 Huic
548 540 717 582 nullum
749 541 855 583 caeli
886 543 1057 596 tempus
1089 543 1134 583 ei:
1166 557 1270 584 aura
1299 547 1443 587 nocet:

346 610 570 663 Ambulat,
603 613 646 653 et
678 612 822 655 subito·
854 614 1069 656 mirantur
1098 613 1227 655 funus
1260 615 1404 657 amici:

405 680 477 724 Sic
510 685 576 724 est
606 683 847 738 incautum,
878 683 1080 739 quicquid
1110 684 1295 726 habetur
1328 700 1459 729 amor.

289 763 333 794 25
348 751 462 795 Nam
494 753 562 795 cui
592 768 681 796 non
712 768 793 810 ego
827 769 922 796 sum
953 755 1099 797 fallaci
1130 756 1323 810 praemia
1353 757 1474 799 uati?

407 823 525 874 Quae
557 839 653 867 mea
683 839 773 867 non
805 826 944 869 decies
978 827 1146 868 somnia
1177 830 1324 870 uersat
1355 828 1490 871 anus?

346 894 499 938 Hostis
533 896 569 938 si
601 896 695 951 quis
728 897 810 939 erit
839 897 984 952 nobis,
1017 900 1132 939 amet
1161 897 1234 940 ille
1263 899 1448 952 puellas:

405 965 602 1009 Gaudeat
633 967 679 1009 in
709 982 862 1023 puero,
894 968 931 1010 si
962 969 1057 1024 quis
1090 969 1254 1011 amicus
1287 970 1381 1012 eriiz.

343 1036 598 1094 Tranquillo
630 1041 726 1081 tuta
757 1039 978 1082 descendis
1009 1039 1185 1083 flumine
1217 1042 1388 1096 cymba:

281 1119 326 1150 30
401 1108 513 1158 Quid
543 1111 625 1153 tibi
655 1113 748 1153 tam
779 1111 903 1166 parui
935 1111 1078 1154 litoris
1109 1112 1225 1155 unda
1254 1113 1410 1156 nocet?

347 1179 471 1223 Alter
503 1197 631 1238 saepe
662 1198 749 1226 uno
781 1184 922 1225 mutat
951 1184 1201 1238 praecordia
1232 1185 1382 1240 uerbo,

401 1252 553 1296 Altera
584 1255 657 1296 uix
688 1255 785 1310 ipso
818 1254 1027 1310 sanguine
1058 1255 1203 1297 mollis
1236 1255 1330 1298 erit.

275 529 299 551 Ο

963 1529 1019 1576 V.

342 1631 437 1674 Hoc
469 1648 618 1675 uerum
650 1635 733 1688 esf„
765 1636 859 1675 tota
889 1636 932 1676 te
963 1634 1084 1688 ferri,
1117 1634 1323 1690 cynthia,
1354 1634 1510 1687 Roma,

401 1703 460 1745 Et
490 1719 578 1747 non
608 1704 763 1760 ignota
792 1705 938 1747 uiuere
967 1706 1191 1761 nequitia?

341 1774 461 1817 Haec
492 1776 628 1818 merui
660 1776 861 1831 sperare?
893 1776 1016 1819 dabis
1047 1777 1172 1832 mihi,
1204 1777 1386 1832 perfida,
1415 1792 1592 1833 poenas:

401 1845 461 1888 Et
490 1847 615 1889 nobis
649 1847 813 1902 aliquo,
846 1846 1053 1902 Cynthia,
1084 1850 1241 1890 uentus
1273 1848 1365 1891 erit.

306 1927 326 1958 5
340 1917 565 1959 Inueniam
596 1920 744 1960 tamen
775 1932 797 1960 e
828 1918 976 1960 multis
1006 1917 1236 1960 fallacibus
1267 1933 1415 1971 unam,

402 1987 521 2037 Quae
552 1989 646 2030 fieri
675 1991 827 2032 nostro
859 1989 1047 2031 carmine
1078 1991 1185 2031 nota
1214 1989 1337 2045 uelit,

339 2059 431 2101 Nec
463 2060 569 2102 mihi
601 2062 694 2103 tam
726 2060 843 2102 duris
874 2061 1057 2102 insultet
1090 2060 1298 2112 moribus,
1330 2063 1373 2102 et
1403 2063 1446 2102 te

321 2223 408 2260 Vn.
435 2236 534 2260 nnc-r.
599 2227 642 2259 18
679 2236 746 2270 per
777 2224 957 2269 mede(a)e
989 2227 1032 2269 0,
1069 2234 1160 2259 corr.
1187 2224 1300 2266 Itali;
1336 2223 1555 2260 Perimedea
1573 2246 1616 2251 -
1637 2236 1751 2266 manu

223 2283 398 2318 Muretus
418 2284 424 2327 Ι
446 2285 550 2319 secta
568 2284 825 2319 Broukhusias
849 2283 941 2319 trita
959 2283 1139 2318 Heinsius
1156 2284 1170 2328 11
1190 2286 1233 2318 19
1258 2282 1338 2329 ubi]
1362 2282 1434 2318 tibi
1450 2288 1480 2318 1>
1499 2285 1546 2330 (et
1564 2286 1595 2318 V
1612 2295 1658 2321 m.
1677 2288 1699 2320 1
1713 2283 1749 2329 ἓ)

222 2340 275 2377 ibi
300 2345 330 2375 V
355 2354 399 2378 ex
424 2353 515 2378 corr.
559 2344 572 2388 ΙΙ
615 2346 660 2378 20
692 2341 821 2378 ueniat
844 2347 873 2376 Ι)
915 2343 928 2387 ΙΙ
966 2346 1009 2377 22
1037 2343 1075 2376 et
1099 2353 1164 2378 om.
1191 2345 1221 2375 V
1245 2354 1291 2378 m.
1317 2345 1338 2377 1
1376 2343 1389 2387 ΙΙ
1425 2346 1470 2378 23
1495 2344 1690 2378 mutantur
1713 2344 1749 2388 (ο

221 2411 337 2445 supra
363 2413 386 2436 u
410 2413 455 2438 m.
482 2403 523 2447 2)
548 2405 594 2445 F,
631 2403 696 2447 qui
731 2413 799 2447 my.
826 2413 872 2437 m.
897 2405 923 2437 2
959 2402 1011 2436 at.
1036 2401 1239 2436 nac->stratur
1259 2402 1265 2445 Ι
1287 2400 1450 2436 subitum
1476 2400 1653 2437 miramur
1675 2401 1701 2437 f.
1727 2411 1751 2440 ς

221 2459 401 2495 Heinsius
425 2461 554 2495 uiuum
579 2473 628 2496 m.
654 2460 678 2496 f.
708 2460 958 2496 Marmaridas
985 2461 998 2505 ΙΙ
1027 2463 1070 2494 25
1095 2459 1251 2505 praeuia
1275 2465 1303 2494 Ι)
1323 2463 1354 2494 V
1379 2460 1434 2504 (in
1457 2460 1524 2496 hoe
1546 2471 1615 2506 my.
1639 2472 1684 2496 m.
1710 2464 1748 2505 2,

222 2520 263 2553 in
287 2523 315 2552 Ι)
341 2530 409 2564 my.
435 2530 480 2556 m.
506 2523 526 2554 1
547 2530 620 2564 pro
646 2531 728 2554 uar.
760 2520 834 2555 lect.
866 2518 1046 2564 praemia)
1082 2519 1095 2564 ΙΙ
1139 2522 1184 2553 27
1221 2518 1286 2554 ille
1311 2522 1343 2552 N
1361 2521 1407 2554 V:
1438 2518 1519 2564 ipse
1543 2523 1572 2553 1>
1590 2522 1618 2553 F
1653 2520 1667 2565 ΙΙ
1702 2523 1747 2555 29

222 2578 414 2613 descendit
437 2582 465 2612 Ε·
489 2590 534 2614 m.
560 2582 580 2612 1
605 2581 609 2622 Ι
632 2577 754 2613 cimba
777 2581 805 2611 F
823 2580 854 2611 N

317 2647 362 2683 V.
411 2650 454 2684 in
483 2652 510 2682 F
529 2652 561 2682 N
593 2650 761 2684 adhaeret
789 2648 910 2693 priori
934 2648 1092 2683 carmini
1125 2648 1329 2693 (separauit
1352 2650 1384 2681 Π
1408 2658 1454 2684 m.
1479 2649 1538 2693 2),
1575 2658 1676 2685 noua
1705 2649 1748 2684 in

222 2712 250 2740 1)
271 2710 301 2740 V
326 2708 440 2753 eleqia
465 2718 546 2742 eum
571 2708 677 2742 titulo
703 2707 750 2742 ad
777 2706 968 2752 cynthiam
1010 2707 1023 2751 ΙΙ
1064 2711 1085 2741 3
1129 2707 1209 2742 Hoc
1239 2707 1390 2752 uiryula
1419 2706 1549 2742 addita
1579 2707 1623 2742 in
1646 2707 1748 2743 Haec

223 2777 314 2802 corr.
340 2770 368 2800 r
408 2767 412 2811 1
459 2765 553 2801 mihi
577 2771 605 2801 1)
625 2769 674 2801 V:
699 2766 751 2801 mi
776 2770 803 2800 r
822 2769 854 2800 R
890 2767 903 2812 ΙΙ
939 2769 962 2800 4
993 2765 1121 2810 aliquo
1145 2766 1196 2802 Η.
1221 2765 1383 2801 Bosscha
1413 2768 1447 2800 et
1469 2765 1746 2802 Lachmannus:

221 2824 349 2869 aquilo
376 2828 400 2859 0
426 2825 500 2877 alio
525 2825 768 2861 Burmannus
803 2826 816 2871 ΙΙ
852 2828 874 2860 5
898 2824 1050 2861 tandem
1075 2825 1296 2861 Fonteinius
1324 2825 1339 2869 ss
1370 2828 1389 2859 7
1414 2823 1467 2859 Ηο
1490 2828 1535 2870 r,
1560 2836 1652 2861 corr.
1676 2836 1746 2871 mq-

223 2896 268 2921 m.
296 2888 323 2921 2
