1898 3190
347 800 528 864 SEX.
567 794 1049 864 PROPERTII
1086 793 1623 866 ELEGIARUM

785 928 892 971 ΜΒ.
924 928 1186 973 TERTIUS.

964 1169 1001 1215 I.

342 1273 599 1316 Callimachi
631 1287 780 1315 manes
814 1276 858 1315 et
889 1272 967 1316 Coi
1000 1288 1120 1316 sacra
1150 1271 1362 1328 Philetae,

399 1344 450 1387 In
481 1346 695 1400 uestrum,
727 1348 904 1400 quaeso,
937 1359 1004 1386 me
1037 1344 1164 1386 sinite
1196 1344 1257 1386 ire
1287 1358 1451 1386 nemus.

341 1416 511 1458 Primus
544 1428 624 1470 ego
655 1414 876 1471 ingredior
906 1429 1014 1469 puro
1048 1414 1099 1457 de
1129 1414 1251 1457 fonte
1282 1415 1482 1458 sacerdos

399 1486 513 1528 Itala
543 1500 617 1539 per
649 1484 803 1528 Graios
836 1485 959 1541 orgia
989 1485 1100 1528 ferre
1132 1485 1303 1528 choros.

307 1556 501 1612 5Dicite,
533 1572 616 1612 quo
649 1557 813 1612 pariter
844 1571 1016 1600 carmen
1046 1557 1257 1599 tenuastis
1289 1557 1334 1599 in
1365 1558 1521 1601 antro?

405 1627 554 1678 Quoue
580 1628 692 1683 'pede
724 1627 940 1684 ingressi?
972 1643 1154 1684 quamue
1186 1628 1359 1670 bibistis
1392 1628 1576 1684 aquam?

346 1700 386 1742 A
419 1700 583 1755 ualeat,
614 1699 839 1742 Phoebum
872 1699 1127 1756 quicumque
1158 1702 1352 1742 moratur
1381 1699 1427 1741 in
1457 1700 1606 1742 armis!

403 1771 595 1813 Exactus
626 1771 745 1813 tenui
774 1771 943 1826 pumice
975 1785 1125 1813 uersus
1157 1772 1246 1826 eat,

345 1842 438 1893 Quo
470 1856 539 1884 me
571 1841 705 1884 Fama
736 1842 853 1883 leuat
884 1845 998 1884 terra
1031 1842 1244 1898 sublimis,
1277 1843 1320 1884 et
1351 1857 1377 1884 a
1407 1855 1476 1884 me

286 1925 329 1957 10
402 1912 519 1956 Nata
550 1913 767 1955 coronatis
799 1912 926 1954 Musa
956 1912 1196 1967 triumphat
1227 1913 1366 1969 equis,

345 1985 404 2028 Et
434 1999 602 2027 mecum
633 1983 680 2026 in
712 1998 837 2026 curru
868 1984 993 2039 parui
1024 1985 1250 2025 nectantur
1280 1983 1484 2040 Amores,

407 2054 758 2111 Scriptorumque
790 2069 910 2097 meas
942 2055 1071 2096 turba
1103 2057 1250 2097 secuta
1279 2057 1412 2098 rotas.

347 2126 459 2177 Quid
489 2126 651 2169 frustra
681 2127 825 2169 missis
857 2126 904 2167 in
935 2140 1002 2167 me
1035 2125 1208 2168 certatis
1238 2125 1449 2168 habenis?

403 2197 503 2241 Non
536 2197 662 2240 datur
693 2197 746 2238 ad
777 2196 925 2238 Musas
957 2210 1126 2238 currere
1157 2195 1246 2238 lata
1276 2196 1358 2238 uia.

323 2364 415 2399 VAR.
441 2376 540 2398 Lacr.
599 2361 710 2396 Liber
746 2359 927 2395 secundus
966 2358 1120 2404 explicit
1156 2359 1288 2405 incipit
1317 2359 1413 2394 liber
1445 2358 1579 2394 tertius
1609 2363 1636 2393 r
1667 2359 1756 2396 Pro-

230 2420 344 2468 pertii
371 2421 513 2456 Aurelii
537 2421 684 2456 Nautae
709 2418 805 2454 liber
829 2417 962 2454 tertius
987 2417 1120 2463 incipit
1143 2423 1189 2462 113
1215 2419 1294 2453 sine
1318 2418 1424 2453 titulo
1448 2421 1480 2452 N
1497 2421 1527 2452 V
1554 2419 1567 2464 ΙΙ
1599 2422 1616 2452 1
1645 2418 1704 2454 coi
1726 2421 1756 2452 V

227 2494 272 2517 m.
299 2484 342 2527 2,
368 2484 417 2515 N:
445 2480 530 2516 choi
557 2483 581 2514 0
616 2482 621 2524 Ι
655 2489 760 2514 sacra
782 2481 1002 2523 suspectum
1027 2488 1268 2523 synonymum
1301 2478 1401 2512 uocis
1425 2488 1553 2512 manes
1590 2487 1670 2512 cnm
1699 2488 1756 2513 re-

228 2541 420 2587 quiratur,
453 2540 591 2575 conicio
621 2538 702 2574 fata
727 2538 786 2582 (=
804 2537 953 2572 umbra:
988 2538 1032 2580 cf.
1062 2537 1166 2572 Mela
1190 2537 1224 2571 II
1250 2537 1304 2582 2);
1330 2536 1443 2571 uaria
1464 2546 1682 2581 proposuere
1706 2536 1758 2582 (et

233 2610 383 2636 consors
403 2599 536 2633 umbra
554 2596 651 2634 Phil.
671 2596 906 2640 Fonteinius>
930 2596 932 2642 Ι
956 2596 1098 2641 phileto
1123 2599 1170 2631 N:
1196 2595 1331 2641 philite
1357 2598 1382 2629 0
1400 2595 1413 2640 ΙΙ
1431 2599 1452 2630 3
1478 2595 1569 2639 puto
1593 2598 1621 2628 F
1639 2605 1684 2631 m.
1703 2598 1725 2630 1
1745 2594 1758 2641 ΙΙ

229 2664 251 2695 4
278 2659 390 2695 Graia
413 2670 448 2703 p.
475 2656 627 2692 Italicos
661 2655 924 2692 Valckenarius
946 2656 950 2699 Ι
974 2654 1095 2701 orgia]
1123 2654 1262 2700 oppida
1285 2654 1508 2690 Fonteinius
1539 2653 1542 2700 Ι
1571 2664 1676 2689 coros
1699 2657 1727 2687 F
1745 2653 1757 2700 ΙΙ

230 2722 251 2754 5
277 2728 350 2763 quo
376 2728 442 2753 om.
468 2720 495 2750 F
520 2728 565 2751 m.
591 2719 612 2750 1
637 2716 641 2760 Ι
663 2714 846 2751 tenuastis
864 2718 891 2748 F
917 2725 961 2749 m.
983 2718 1027 2758 2,
1052 2717 1100 2749 N:
1126 2713 1299 2749 tenuistis
1325 2716 1349 2747 0
1365 2713 1374 2759 ΙΙ
1389 2714 1484 2748 inter
1508 2717 1529 2748 6
1554 2716 1588 2748 et
1613 2716 1633 2749 '¹1
1656 2713 1758 2749 haud

226 2788 352 2822 pauca
372 2775 596 2811 intercidisse
614 2775 790 2810 uidentur
803 2774 812 2819 l}
829 2777 848 2809 7
867 2773 926 2808 Ha
938 2776 978 2818 F,
998 2773 1056 2808 Ah
1070 2773 1175 2808 ceteri
1188 2773 1198 2819 Η
1213 2777 1245 2817 9,
1261 2775 1315 2815 10,
1333 2775 1373 2806 11
1394 2772 1496 2807 leuet
1507 2775 1540 2807 et
1552 2771 1758 2817 triumphet

230 2841 262 2873 et
286 2836 482 2872 uectentur
507 2833 686 2869 Heinsius
709 2835 722 2879 ss
754 2838 774 2868 9
801 2832 985 2867 sublimen
1012 2832 1119 2867 Gonr.
1145 2831 1384 2877 Rossberyius
1409 2831 1420 2877 Η
1447 2834 1490 2866 10
1515 2831 1616 2866 Nota
1640 2840 1662 2868 ς
1679 2831 1693 2876 ΙΙ
1713 2833 1754 2865 11

232 2907 378 2932 currum
405 2897 438 2928 N
459 2894 464 2938 Ι
485 2894 681 2929 nectantur
704 2897 732 2927 F
756 2904 800 2928 m.
827 2894 853 2927 2
871 2893 883 2937 ΙΙ
904 2895 946 2926 13
973 2890 1135 2926 inmissis
1161 2890 1330 2926 Auratus
