1898 3190
693 173 955 210 PROPERTII
979 173 1068 208 LIB.
1094 172 1139 208 H.
1165 177 1222 208 22.
1647 169 1703 212 73

870 380 1017 427 XXII.

300 496 391 540 Scis
422 497 524 540 here
555 498 615 539 mi
646 498 804 539 multas
835 496 997 551 pariter
1027 495 1239 550 placuisse
1271 493 1455 548 puellas:

359 567 452 610 Seis
482 568 606 620 mihi,
637 567 940 623 Demophoon,
971 566 1109 608 multa
1141 565 1287 607 uenire
1318 564 1446 606 mala.

297 638 431 682 Nulla
461 639 568 681 meis
598 639 760 681 frustra
789 639 1033 681 lustrantur
1063 637 1253 691 compita
1282 634 1457 690 plantis.

359 710 395 753 Ο
426 711 556 752 nimis
587 710 718 752 exitio
750 713 854 769 nata
884 709 1056 751 theatra
1087 722 1184 750 meo
1192 741 1204 763 ,

265 775 399 823 5Siue
431 781 585 838 aliquis
617 782 737 824 molli
768 781 929 823 diducit
959 780 1139 823 candida
1171 781 1295 835 gestu

356 850 543 894 Brachia
575 867 647 894 seu
679 852 822 894 uarios
853 851 1006 893 incinit
1038 865 1110 893 ore
1141 849 1310 892 modos!

298 922 469 965 Interea.
498 923 635 966 nostri
667 925 878 978 quaerunt
908 922 993 964 sibi
1024 922 1182 963 uulnus
1215 920 1357 974 ocelli,

358 992 550 1036 Candida
580 1008 668 1036 non
697 995 811 1035 tecto
842 995 1014 1048 pectore
1047 992 1084 1034 si
1116 1006 1200 1046 qua
1231 991 1367 1043 sedet,

300 1062 399 1106 Siue
429 1064 530 1118 uagi
562 1064 700 1106 crines
731 1064 849 1118 puris
881 1063 927 1104 in
957 1062 1175 1104 frontibus
1207 1063 1372 1114 errant,

242 1146 286 1177 10
357 1134 505 1177 Indica
536 1149 643 1190 quos
675 1135 815 1176 medio
849 1134 1008 1176 uertice
1041 1147 1211 1189 gemma
1241 1134 1373 1174 tenet.

299 1205 418 1255 Quae
450 1206 487 1247 si
516 1206 629 1248 forte
660 1205 824 1261 aliquid
857 1205 980 1246 uultu
1010 1203 1119 1246 mihi
1149 1182 1259 1244 dura
1286 1204 1492 1257 negarat,

357 1276 533 1333 Frigida
564 1276 615 1318 de
645 1279 740 1319 tota
771 1276 914 1318 fronte
946 1275 1126 1319 cadebat
1157 1288 1278 1329 aqua.

300 1347 497 1403 Quaeris,
527 1346 830 1401 Demophoon,
861 1361 935 1388 cur
966 1347 1048 1388 sim
1078 1348 1167 1387 tam
1202 1344 1344 1387 mollis
1375 1343 1422 1384 in
1454 1357 1616 1385 omnes.

358 1417 480 1468 Quod
512 1418 680 1474 quaeris
713 1416 910 1472 ‘quare‘?'
941 1431 1030 1459 non
1061 1416 1193 1458 habet
1222 1415 1335 1456 ullus
1368 1429 1499 1456 amor.

242 1500 285 1532 15
299 1489 386 1533 Cur
417 1490 571 1545 aliquis
605 1489 738 1531 sacris
769 1489 907 1530 laniat
938 1503 1014 1530 sua
1046 1487 1223 1529 brachia
1255 1486 1404 1528 cultris

357 1561 417 1603 Et
446 1561 634 1615 Phrygis
666 1561 842 1602 insanos
874 1559 1066 1601 caeditur
1097 1558 1150 1599 ad
1179 1555 1412 1598 numeros?

298 1631 538 1687 Unicuique
570 1631 686 1673 dedit
717 1630 870 1672 uitium
902 1633 1057 1672 natura
1089 1631 1251 1671 creato:

358 1702 421 1744 Mi
451 1702 626 1744 fortuna
658 1702 818 1756 aliquid
850 1715 1017 1755 semper
1048 1714 1190 1742 amare
1223 1699 1351 1741 dedit.

299 1772 368 1814 Me
398 1773 500 1814 licet
530 1774 573 1814 et
603 1772 845 1827 Thamyrae
877 1771 1066 1813 cantoris
1098 1771 1190 1812 fata
1222 1772 1473 1825 sequantur,

240 1854 286 1886 20
357 1842 604 1898 Numquam
636 1843 690 1884 ad
721 1843 952 1894 formosas,
984 1842 1147 1896 inuide,
1179 1855 1328 1883 caecus
1360 1855 1444 1882 ero.

300 1913 383 1956 Sed
412 1914 496 1956 tibi
527 1914 565 1956 si
595 1914 723 1955 exiles
754 1914 902 1956 uideor
932 1915 1134 1955 tenuatus
1165 1912 1211 1953 in
1243 1914 1381 1966 artus,

275 2113 366 2149 Vm.
392 2127 488 2149 ιεοτ.
551 2114 666 2149 XXII.
727 2113 840 2148 Noua
865 2113 977 2158 elegia
1002 2123 1082 2147 cum
1106 2113 1213 2147 titulo
1238 2111 1286 2146 ad
1311 2111 1505 2146 heremum
1532 2111 1635 2156 (-ium
1662 2113 1704 2156 D)

182 2171 470 2217 demophontem
497 2173 729 2218 (-phoontem
754 2176 799 2216 1),
819 2174 849 2204 V
873 2183 918 2206 m.
944 2172 983 2214 2)
1010 2171 1052 2205 in
1077 2173 1102 2204 0
1131 2171 1145 2215 [Ι
1176 2175 1194 2204 1
1230 2170 1372 2205 heremi
1399 2173 1423 2203 0
1454 2171 1467 2214 ΙΙ
1498 2174 1518 2204 2
1544 2170 1596 2204 mi
1620 2170 1707 2206 hinc

182 2230 441 2266 Lachmamms
471 2233 484 2277 ΙΙ
514 2236 534 2267 3
561 2231 669 2278 meis]
695 2230 790 2266 mihi
814 2234 841 2263 F
871 2232 884 2275 fl
916 2233 936 2265 5
962 2229 1105 2265 diducit
1132 2229 1384 2265 Passeratius:
1410 2229 1562 2265 deducit
1586 2232 1611 2263 0
1641 2231 1654 2274 ΙΙ
1686 2235 1707 2265 6

183 2289 366 2325 Bracchia
388 2295 417 2324 D
435 2294 463 2324 F
482 2293 512 2324 V
540 2293 546 2336 Ι
572 2290 706 2325 incinit
728 2293 776 2324 R:
802 2289 909 2324 inicit
932 2293 961 2323 D
980 2292 1011 2322 V
1034 2289 1140 2324 uicfit
1163 2290 1221 2324 uel
1244 2288 1349 2323 inesit
1372 2292 1400 2322 F
1431 2290 1513 2333 (my.
1539 2300 1584 2324 m.
1611 2292 1636 2324 2
1663 2289 1706 2324 c'.

185 2347 348 2391 concinit
369 2350 389 2382 ἴ
412 2348 557 2394 incipit)
575 2350 589 2394 [Ι
608 2353 627 2384 7
651 2348 786 2394 nostri]
813 2349 884 2392 qffi
901 2365 946 2378 =
966 2348 1143 2392 quoniam
1162 2352 1190 2382 Ε
1208 2359 1254 2383 m.
1275 2352 1308 2391 1,
1334 2351 1366 2382 et
1391 2354 1419 2383 Ι)
1443 2359 1511 2393 my.
1535 2359 1605 2392 pro
1624 2359 1706 2383 uar.

185 2408 259 2443 lect.
279 2408 292 2452 ΙΙ
309 2408 406 2443 inter
427 2412 470 2442 10
489 2412 522 2442 et
543 2412 584 2442 11
611 2408 754 2452 aliquid
777 2407 1002 2442 intercidisse
1019 2411 1132 2452 putat
1151 2407 1389 2450 Fonfflm'us,
1414 2410 1505 2442 recte
1523 2410 1566 2441 ut
1586 2411 1678 2451 puto
1695 2407 1708 2454 Η

184 2468 339 2511 negaret
356 2470 384 2499 F
402 2477 446 2501 m.
467 2470 509 2509 1;
534 2466 683 2511 negarit
707 2466 803 2501 Itali
820 2467 833 2510 ΙΙ
854 2470 895 2500 12
921 2465 967 2501 de
992 2476 1058 2501 om.
1084 2469 1112 2499 F
1136 2477 1181 2500 m.
1207 2469 1227 2500 1
1248 2466 1261 2510 u
1282 2469 1323 2500 13
1349 2465 1562 2511 demophon
1584 2470 1612 2500 F
1630 2467 1643 2511 ΙΙ
1664 2471 1707 2501 14

183 2524 416 2560 Laehmanni
439 2525 766 2569 interpunctionem
789 2529 931 2560 secutus
953 2536 1049 2567 surm
1082 2535 1190 2560 curae
1209 2535 1282 2569 pro
1306 2535 1419 2569 quare
1445 2526 1537 2560 coni.
1563 2525 1707 2560 Husch-

184 2583 267 2618 kius
300 2585 428 2628 (quare
465 2594 532 2618 nos
564 2583 679 2618 habet
708 2584 766 2618 uel
800 2595 873 2619 non
903 2585 1011 2619 canet
1033 2583 1275 2619 Burmannus
1310 2583 1405 2626 Quin
1437 2584 1585 2628 quaeris
1609 2586 1707 2630 ΑΨ·-
1761 2608 1764 2611 ,

185 2642 357 2687 mannus)
376 2643 389 2687 ΙΙ
410 2646 452 2676 15
478 2642 655 2677 bracchia
676 2646 705 2675 1)
725 2644 755 2675 V
776 2643 781 2687 1
804 2642 914 2677 cultis
938 2645 969 2676 V
993 2654 1038 2678 m.
1064 2646 1085 2678 1
1106 2643 1119 2688 ΙΙ
1139 2647 1181 2678 16
1206 2642 1314 2688 frigia
1341 2646 1369 2676 r
1390 2644 1395 2687 Ι
1417 2643 1609 2687 quaeritur
1632 2648 1660 2676 Ι)
1679 2647 1707 2677 F

187 2724 261 2768 (sed
283 2727 447 2770 uterque,
472 2724 530 2759 hic
554 2735 598 2758 m.
625 2726 669 2767 2,
700 2724 762 2758 ille
784 2735 831 2758 m.
855 2728 875 2759 1
903 2736 990 2770 my„
1022 2724 1203 2770 caeditur)
1244 2727 1249 2769 Ι
1289 2701 1399 2768 11303,
1432 2736 1615 2769 suprascr.
1641 2737 1707 2760 nu-

185 2793 324 2826 meros,
347 2785 375 2816 1?
404 2783 418 2828 ΙΙ
449 2787 491 2819 17
518 2783 640 2818 Unum
667 2783 799 2827 cuique
831 2783 1171 2829 Waardenburqius
1204 2785 1209 2828 Ι
1243 2784 1393 2819 fortuna
1417 2786 1447 2816 V
1472 2794 1539 2828 my.
1566 2794 1610 2818 m.
1637 2787 1662 2819 2
1695 2784 1706 2829 fij

189 2844 232 2875 18
268 2840 371 2876 aliud
404 2841 646 2877 Burmannus
678 2840 842 2886 aliquam
867 2842 1150 2886 Heimreichius;
1186 2845 1226 2877 at
1250 2843 1295 2885 cf.
1321 2843 1371 2878 ad
1396 2842 1412 2875 I
1439 2845 1493 2886 13,
1519 2846 1564 2877 36
1606 2843 1619 2886 ΙΙ
1663 2845 1706 2877 19

186 2899 350 2935 thamim
375 2902 400 2934 0
425 2901 520 2946 (—yre
544 2903 587 2946 n)
610 2902 615 2946 1
637 2902 836 2946 sequentur
858 2904 887 2935 1>
906 2903 937 2935 V
962 2901 1018 2947 <in
1040 2901 1106 2937 hoc
1129 2911 1221 2936 corr.
1246 2912 1292 2936 m.
1318 2903 1359 2946 2)
