1898 3190
220 158 278 199 46
724 157 982 193 PROPERTII
1007 157 1094 193 LIB.
1122 155 1166 193 ΙΙ.
1193 161 1223 192 6.

947 362 1026 410 VI.
1061 397 1074 410 .

342 478 445 523 Non
474 479 538 521 ita
569 479 844 535 complebant
874 480 1100 535 Ephyreae
1132 479 1288 522 Laidos
1320 480 1463 535 aedes,

405 550 475 593 Ad
508 550 627 592 cuius
660 550 795 593 iacuit
827 550 1009 593 Graecia
1039 553 1133 594 tota
1163 551 1296 606 fores,

342 621 488 664 Turba
518 620 803 663 Menandreae
835 622 975 664 fuerat
1006 637 1085 664 nec
1117 621 1307 664 Thaidos
1339 621 1444 664 olim

403 691 563 747 Tanta,
594 692 641 734 in
673 707 757 748 qua
788 693 974 748 populus
1006 693 1111 735 lusit
1141 692 1439 747 Ericthonius,

308 762 451 818 5Nec‚
485 777 593 819 quae
626 763 787 805 deletas
820 764 963 819 potuit
993 778 1251 819 componere
1283 763 1471 819 Thebas,

404 833 575 888 Phryne
607 836 696 876 tam
728 835 875 876 multis
908 835 1025 877 facta
1055 836 1185 877 beata
1214 835 1332 877 uiris.

344 903 457 954 Quin
488 906 619 947 etiam
651 906 784 948 falsos
816 906 944 962 fingis
976 906 1057 948 tibi
1090 920 1217 961 saepe
1249 906 1532 962 propinquos,

405 975 563 1018 Oscula
594 991 673 1018 nec
705 976 860 1018 desunt
891 977 963 1031 qui
994 977 1075 1018 tibi
1106 977 1196 1019 iure
1227 977 1381 1018 ferant.

346 1047 416 1089 Me
447 1047 652 1089 iuuenum
683 1047 825 1102 pictae
856 1047 1006 1101 facies,
1039 1062 1106 1089 me
1138 1047 1317 1089 nomina
1348 1045 1543 1097 laedunt,

289 1129 332 1160 10
405 1117 475 1159 Me
506 1120 629 1160 tener
659 1118 705 1159 in
736 1117 855 1159 cunis
887 1119 929 1159 et
962 1118 1051 1159 sine
1083 1132 1187 1160 uoce
1218 1132 1342 1172 puer:

345 1188 415 1230 Me
447 1188 581 1230 laedit
613 1188 649 1229 si
682 1188 822 1230 multa
851 1188 935 1230 tibi
967 1188 1084 1230 dedit
1116 1188 1264 1230 oscula
1294 1190 1450 1243 mater,

406 1258 477 1300 Me
510 1274 633 1302 soror
665 1261 708 1301 et
739 1275 835 1302 cum
867 1274 975 1315 quae
1008 1259 1166 1302 dormit
1198 1259 1336 1302 amica
1369 1259 1513 1301 simul:

349 1329 505 1372 Omnia
536 1345 603 1371 me
634 1330 828 1372 laedunt:
859 1330 1035 1372 timidus
1069 1345 1163 1372 sum
1195 1327 1389 1386 (ignosce
1419 1328 1584 1386 timori)

406 1400 465 1442 Et
497 1401 626 1442 miser
657 1401 700 1442 in
733 1401 880 1443 tunica
912 1400 1106 1456 suspicor
1137 1414 1230 1442 esse
1262 1399 1415 1443 uirum.

289 1483 331 1514 15
348 1471 428 1514 His
462 1472 587 1526 olim,
617 1473 666 1513 ut
696 1471 814 1513 fama
846 1474 930 1526 est,
961 1471 1079 1513 uitiis
1111 1471 1165 1513 ad
1195 1470 1363 1526 praelia
1393 1473 1571 1513 uentum
1603 1473 1686 1514 est:

406 1542 486 1585 His
520 1542 708 1586 Troiana
736 1543 857 1585 uides
888 1543 1040 1586 funera
1071 1542 1308 1598 principiis.

351 1615 519 1670 Aspera
551 1613 790 1657 Centauros
823 1614 970 1656 eadem
1003 1614 1219 1656 dementia
1249 1612 1376 1656 iussit

407 1686 622 1741 Frangere
654 1685 700 1727 in
732 1686 960 1727 aduersum
991 1686 1147 1740 pocula
1177 1684 1432 1727 Pirithoum.

352 1756 438 1800 Cur
468 1754 667 1811 exempla
697 1759 841 1811 petam
874 1755 1082 1799 Graium?
1113 1759 1160 1798 tu
1193 1757 1384 1798 criminis
1415 1757 1582 1810 auctor,

293 1839 338 1870 20
410 1827 613 1870 Nutritus
645 1827 770 1882 duro,
801 1827 1003 1882 Romule,
1034 1828 1146 1869 lacte
1177 1828 1315 1882 lupae.

351 1899 415 1940 Tu
446 1912 597 1952 rapere
628 1898 814 1940 intactas
847 1898 1032 1940 docuisti
1064 1899 1223 1952 inpune
1256 1897 1458 1940 Sabinas:

408 1968 490 2011 Per
522 1971 564 2011 te
597 1984 710 2011 nunc
741 1969 903 2012 Romae
937 1970 1145 2024 quidlibet
1176 1970 1305 2011 audet
1337 1969 1481 2011 Amor.

326 2182 417 2217 Vin.
444 2193 543 2217 ωεστ.
595 2180 655 2216 VI.
706 2180 818 2215 Noua
844 2181 955 2226 eleyia
980 2192 1059 2216 cum
1085 2181 1190 2216 titulo
1211 2179 1259 2216 ad
1278 2179 1468 2225 cynthiam
1487 2181 1568 2225 (om.
1587 2180 1630 2223 V)
1649 2179 1691 2214 in
1710 2178 1760 2225 011

234 2246 251 2276 1
278 2242 454 2287 ephireae
479 2245 507 2274 Β
527 2243 572 2274 V:
602 2239 813 2286 ephere(a)e
838 2244 866 2274 F
885 2243 916 2273 N
943 2241 986 2285 (V
1011 2251 1078 2285 my.
1105 2252 1149 2275 m.
1176 2244 1220 2276 2:
1250 2242 1268 2274 1
1292 2239 1467 2285 ephcrae)
1500 2240 1507 2285 Ι
1538 2238 1669 2285 laydos
1693 2240 1723 2271 V
1747 2237 1760 2284 ΙΙ

232 2304 252 2335 2
278 2300 393 2344 fores]
419 2299 533 2345 pedes
558 2305 586 2334 Β
606 2302 636 2333 V
654 2300 667 2345 ΙΙ
686 2303 706 2334 3
732 2298 890 2344 thaydos
915 2303 942 2332 F
961 2302 991 2332 V
1009 2300 1022 2344 ΙΙ
1040 2303 1062 2333 4
1089 2299 1215 2334 Turba
1239 2300 1320 2344 (my.
1341 2300 1382 2333 at
1401 2298 1535 2342 Tanta)
1553 2301 1582 2331 Β
1604 2298 1611 2341 Ι
1631 2296 1760 2341 iniqua

232 2364 260 2393 Β
283 2360 288 2403 Ι
311 2358 539 2394 ericthonius
564 2363 592 2393 Β
612 2361 642 2392 V
660 2361 708 2393 Νι
744 2357 944 2393 erictonius
969 2362 996 2391 Ε
1031 2359 1044 2404 ΙΙ
1081 2362 1101 2393 5
1140 2358 1282 2393 deletas
1306 2350 1334 2391 F
1359 2369 1404 2393 m.
1429 2360 1473 2401 2,
1499 2359 1529 2390 V
1553 2367 1597 2391 m.
1623 2359 1667 2392 2:
1699 2355 1758 2390 de-

232 2418 348 2454 lectas
374 2422 398 2452 0
426 2417 601 2453 disiectas
628 2418 853 2453 Schraderus
874 2417 879 2464 Ι
908 2417 1012 2452 tebas
1037 2421 1064 2450 F
1089 2419 1102 2463 ss
1127 2422 1148 2453 6
1174 2417 1319 2462 Phyrne
1344 2421 1372 2451 Β
1391 2419 1423 2450 Π
1447 2415 1594 2463 Phyme
1619 2417 1649 2448 V
1673 2413 1759 2448 Phi-

232 2488 373 2512 meram
401 2479 488 2522 (pro
513 2478 604 2522 tam)
630 2481 675 2522 F,
700 2478 794 2512 idem
818 2488 886 2523 my.
912 2475 1127 2521 phirneram
1163 2477 1176 2522 ΙΙ
1212 2480 1233 2512 8
1270 2486 1316 2510 ue
1347 2475 1479 2510 desunt
1501 2477 1529 2508 B
1555 2474 1638 2518 (nec
1660 2484 1706 2510 m.
1731 2475 1758 2509 2

231 2546 433 2581 suprascr„
460 2537 579 2572 eadem
604 2537 646 2571 in
670 2547 738 2582 my.
764 2547 810 2571 ne
836 2535 971 2580 desint)
1006 2537 1010 2581 Ι
1046 2537 1128 2571 iura
1152 2539 1182 2569 V
1206 2547 1252 2570 m.
1277 2538 1323 2571 ,2-
1339 2535 1353 2579 ΙΙ
1388 2538 1409 2569 9
1434 2532 1548 2569 facies
1569 2531 1672 2578 picte
1695 2534 1723 2565 F
1751 2530 1755 2578 Ι

232 2594 342 2630 faties
361 2597 393 2628 N
411 2595 423 2639 11
445 2598 487 2629 10
509 2605 623 2629 eunus
641 2598 686 2640 Ε,
707 2605 797 2630 corr.
817 2606 886 2640 my.
927 2598 967 2629 11
983 2594 1099 2629 laedit
1113 2604 1150 2631 ςε
1177 2593 1278 2630 ledes
1297 2597 1324 2627 F
1342 2605 1388 2630 m.
1407 2596 1428 2628 1
1454 2592 1556 2628 ledet
1571 2595 1600 2625 r
1617 2602 1663 2627 m.
1682 2594 1708 2627 2
1727 2592 1759 2623 N

233 2654 360 2689 laedes
385 2658 413 2687 Β
439 2653 543 2701 ledet
560 2656 590 2686 V
612 2653 617 2699 Ι
639 2653 744 2688 dedit
768 2656 798 2687 V
816 2665 860 2688 m.
881 2656 924 2689 2:
951 2653 1056 2689 dabit
1076 2657 1117 2698 03
1142 2664 1231 2689 num
1251 2652 1358 2688 datat
1376 2651 1396 2686 ,9
1414 2653 1428 2698 ΙΙ
1449 2641 1491 2686 12”
1516 2661 1611 2696 quae
1630 2650 1760 2685 Dousa

234 2714 351 2757 filius:
378 2723 452 2757 qua
478 2715 501 2746 0
524 2713 530 2757 Ι
553 2711 691 2746 dormis
717 2716 743 2746 F
762 2713 775 2757 ΙΙ
797 2716 837 2747 13
862 2712 1018 2748 laedunt
1043 2723 1080 2750 ςε
1108 2712 1289 2757 l(a)edent
1312 2714 1337 2745 0
1356 2711 1369 2756 ΙΙ
1389 2714 1431 2745 17
1457 2709 1574 2745 iubsit
1589 2713 1617 2743 r
1642 2721 1686 2744 m.
1706 2712 1726 2743 1
1748 2708 1758 2754 ΙΙ

236 2776 279 2807 18
305 2771 519 2817 pyrithoum
544 2774 571 2804 F
597 2769 811 2815 perithoum
835 2775 864 2804 Β
883 2774 915 2804 Ν
933 2773 963 2804 V
993 2771 1006 2816 11
1041 2775 1086 2806 20
1111 2771 1201 2805 dure
1226 2773 1253 2803 F
1281 2770 1355 2815 (sed
1379 2780 1398 2804 e
1424 2769 1640 2813 difficillime
1663 2768 1710 2803 ab
1736 2778 1758 2803 ο

238 2831 472 2875 (timescenda)
498 2830 611 2865 durae
638 2840 660 2867 ς
689 2830 702 2875 ΙΙ
735 2833 778 2864 21
808 2840 940 2875 capere
964 2831 1092 2875 raptas
1119 2831 1197 2875 (alt.
1225 2840 1248 2874 p
1274 2839 1318 2863 ex
1342 2829 1448 2871 corr.)
1472 2831 1500 2861 F
1525 2839 1570 2863 m.
1596 2831 1617 2862 1
1642 2826 1758 2872 [imp.

237 2895 265 2924 Β
286 2893 316 2924 V
337 2891 343 2934 1
365 2894 410 2925 22
436 2889 507 2925 Per
530 2888 585 2934 te]
612 2889 726 2924 Parce
751 2892 779 2921 F
804 2900 848 2924 m.
875 2893 896 2924 1
921 2892 925 2936 Ι
947 2901 1076 2925 amans
1101 2893 1129 2922 F
1154 2900 1198 2924 m.
1225 2892 1251 2924 2

1894 2697 1898 2725 i

1888 2745 1898 2956 ἰ
