1898 3190
245 155 302 196 34
659 156 921 191 PROPERTII
946 156 1037 194 LIB.
1063 157 1089 191 I.
1116 160 1173 193 20.
1199 161 1338 194 21:22.

362 262 442 305 Oui
472 264 619 318 procul
651 264 824 306 Alcides
855 265 985 307 iterat
1014 280 1237 320 responsa:
1271 265 1345 308 sed
1375 266 1440 308 illi
1615 284 1624 309 ι

302 345 347 376 50
420 333 591 376 Nomen
624 334 677 375 ab
710 335 913 377 extremis
945 335 1138 378 fontibus
1172 351 1275 378 aura
1306 336 1450 379 refert,

361 404 460 459 His,
493 421 516 447 o
551 405 694 461 Galle,
724 408 822 448 tuos
855 407 1043 449 monitus
1076 407 1267 449 seruabis
1300 421 1467 449 amores

424 476 679 518 Formosum
711 475 925 532 Nymphis
958 478 1128 520 credere
1159 478 1279 519 uisus
1312 477 1483 533 Hylam.

948 704 1071 753 XXI.

361 808 467 863 eTu,
501 808 572 862 qui
604 811 847 850 consortem
878 823 1086 863 properas
1118 809 1298 851 euadere
1330 824 1494 864 casum,

418 879 563 933 Miles,
596 880 649 921 ab
681 879 876 922 Etruscis
907 880 1080 922 saucius
1113 881 1366 935 aggeribus,

362 950 474 1000 Quid
506 954 655 992 nostro
687 951 851 1006 gemitu
882 951 1103 1007 turgentia
1134 951 1298 993 lumina
1329 951 1531 1007 torques?

417 1021 524 1062 Pars
556 1035 636 1076 ego
670 1036 766 1062 sum
797 1024 967 1063 uestrae
999 1021 1196 1076 proxima
1227 1022 1419 1064 militiae.

325 1091 432 1134 5Sio
463 1094 506 1133 te
539 1095 711 1134 seruato
744 1093 914 1146 possint
946 1092 1131 1148 gaudere
1162 1096 1381 1148 parentes,

417 1162 536 1204 Haec
569 1177 690 1204 soror
722 1166 819 1205 acta
848 1163 933 1204 tuis
967 1164 1125 1205 sentiat
1155 1178 1177 1205 e
1209 1163 1418 1219 lacrimis,

359 1233 531 1276 Gallum
562 1248 639 1289 per
670 1234 832 1276 medios
866 1237 1062 1289 ereptum
1095 1234 1291 1277 Caesaris
1324 1250 1446 1278 enses

416 1304 617 1361 Effugere
648 1305 822 1361 ignotas
853 1320 941 1347 non
971 1306 1165 1360 potuisse
1198 1321 1368 1362 manus;

357 1376 416 1418 Et
447 1390 736 1432 quaecumque
769 1391 896 1432 super
928 1377 1123 1433 dispersa
1153 1377 1368 1419 inuenerit
1399 1391 1499 1419 ossa

300 1459 343 1490 10
417 1447 638 1490 Montibus
669 1448 887 1504 Etruscis,
917 1448 1024 1491 haec
1055 1449 1164 1491 sciat
1196 1463 1287 1490 esse
1320 1447 1443 1490 mea.'

932 1688 1079 1735 XXII.

358 1790 507 1851 Qualis
539 1793 582 1832 et
613 1791 724 1833 unde
756 1805 908 1847 genus,
941 1792 1013 1847 qui
1047 1792 1133 1834 sint
1163 1792 1286 1847 mihi,
1318 1791 1458 1847 Tulle,
1488 1791 1691 1847 Penates,

417 1863 598 1912 Quaeris
629 1877 707 1918 pro
739 1865 889 1905 nostra
921 1878 1087 1918 semper
1119 1863 1318 1905 amicitia.

337 1979 428 2016 Vm.
455 1992 554 2015 mcv.
605 1983 649 2014 49
683 1979 834 2014 Alcides
865 1981 923 2014 ter
950 1979 1095 2025 ‘Hyla’2
1106 1979 1323 2025 respondet,
1355 1981 1395 2015 at
1418 1978 1476 2014 ini
1501 1979 1592 2014 coni.
1618 1978 1768 2014 Fontei-

242 2038 330 2073 m’us
378 2038 492 2074 iterat
517 2040 729 2084 responset,
753 2041 794 2074 at
817 2039 875 2074 illi
899 2039 1093 2084 Hauptius
1116 2041 1129 2086 ΙΙ
1155 2044 1200 2075 50
1224 2038 1414 2074 montibus
1438 2039 1529 2073 coni.
1555 2038 1734 2074 Heinsius
1757 2036 1770 2085 ΙΙ

240 2100 283 2131 51
312 2098 463 2133 monitis
488 2102 516 2132 D
535 2101 566 2132 V
601 2099 614 2144 ΙΙ
650 2102 695 2133 52
733 2098 835 2133 uisus
862 2101 904 2133 0:
935 2111 1060 2134 rursus
1085 2101 1116 2132 V
1140 2111 1184 2136 m.
1210 2101 1236 2135 2
1261 2099 1364 2134 tutus
1390 2097 1553 2144 Scaliqer
1583 2097 1686 2133 nisus
1710 2098 1769 2133 uel
1827 2136 1836 2148 ‚

242 2158 371 2192 cautus
397 2157 576 2192 Heinsius
601 2157 688 2192 fisus
714 2157 997 2202 Laehmawnus3
1029 2159 1191 2193 nondum
1216 2169 1342 2193 uerum
1366 2161 1546 2203 repertum
1570 2160 1620 2192 est
1640 2158 1646 2202 Ι
1666 2155 1768 2202 ylam

237 2219 267 2250 A
293 2216 382 2252 ilam
409 2220 436 2250 Ε
461 2217 551 2262 hyla
575 2220 607 2250 N
631 2217 757 2262 hylam
781 2221 810 2250 1)
829 2219 860 2251 V
884 2217 1007 2261 Hylan
1033 2219 1143 2262 uulyo

335 2287 432 2323 XXI.
484 2287 669 2323 Adhaeret
691 2288 814 2332 priori
838 2289 996 2323 carmini
1019 2289 1062 2323 iu
1087 2291 1111 2323 0
1137 2290 1225 2334 (non
1249 2289 1291 2323 in
1314 2289 1377 2333 N),
1413 2288 1488 2323 uisi
1518 2288 1614 2333 quod
1636 2289 1667 2321 A
1697 2297 1765 2332 my.

240 2348 384 2392 siynum
409 2347 499 2382 noui
524 2358 632 2384 carm.
664 2348 677 2393 ΙΙ
705 2352 724 2382 3
753 2346 848 2390 Quid
875 2350 916 2382 0:
944 2347 1014 2389 Qui
1039 2357 1062 2384 ς
1089 2350 1094 2391 Ι
1117 2349 1242 2383 nostro
1267 2347 1421 2383 interitu
1453 2348 1544 2383 coni.
1571 2346 1766 2389 Hein3iu83

239 2407 301 2442 sed
326 2407 411 2442 latet
435 2408 568 2442 uitium
593 2408 635 2441 in
658 2408 805 2452 nostro,
825 2417 897 2451 pro
922 2417 992 2451 quo
1018 2408 1162 2443 maesto
1182 2408 1240 2442 uel
1258 2407 1370 2452 longo
1392 2406 1644 2452 proposuerim
1665 2404 1670 2452 Ι
1691 2406 1766 2441 tor-

240 2477 356 2509 quens
375 2471 421 2511 1),
441 2469 470 2500 V
489 2479 534 2501 m.
554 2470 574 2501 1
595 2466 607 2510 ΙΙ
626 2469 649 2500 4
673 2465 843 2510 proxima
868 2468 1079 2510 corruptum
1098 2467 1202 2510 (uum
1219 2466 1369 2512 prodita
1387 2465 1440 2510 ?);
1464 2464 1629 2500 maxima
1647 2467 1678 2498 V
1696 2475 1764 2510 my.

239 2535 284 2559 m.
311 2528 336 2561 2
359 2526 364 2569 1
386 2524 525 2560 milicie
550 2528 580 2558 A
598 2525 611 2570 ΙΙ
629 2528 649 2559 5
678 2524 763 2559 Sin
786 2525 790 2569 Ι
814 2524 960 2559 seruato
985 2525 1027 2558 ut
1051 2524 1196 2569 possint
1221 2527 1264 2568 ⁰3
1290 2525 1332 2559 ut
1357 2523 1489 2559 deleuit
1514 2523 1763 2565 Passeratius:

239 2595 327 2619 ‘num
352 2585 390 2619 te
409 2585 451 2619 ut
470 2596 496 2619 s.
516 2596 552 2629 p.
571 2583 591 2619 ,9
615 2585 619 2628 Ι
642 2583 767 2628 possin
786 2586 813 2616 F
832 2594 877 2619 m.
896 2586 917 2617 1
937 2583 950 2628 ΙΙ
969 2587 989 2618 6
1014 2583 1117 2618 Haec
1136 2584 1357 2619 Beroaldus:
1382 2582 1438 2617 Ne
1460 2585 1484 2615 0
1510 2581 1588 2616 Nec
1607 2592 1629 2619 ς
1645 2581 1649 2628 Ι
1666 2583 1766 2617 Acca

241 2644 333 2678 coni.
361 2643 540 2688 Scaliqem
567 2646 645 2678 erat
669 2653 750 2677 cum
776 2643 968 2677 conicerem
992 2642 1075 2677 atra
1108 2643 1113 2686 Ι
1146 2641 1221 2676 ruis
1246 2644 1294 2686 A,
1311 2645 1339 2675 r
1364 2652 1409 2676 m.
1435 2644 1455 2675 1
1491 2641 1497 2688 Ι
1529 2640 1672 2675 senciat
1693 2643 1724 2675 A
1752 2639 1766 2688 ΙΙ

242 2706 261 2737 7
288 2703 457 2748 elapsum
485 2703 735 2737 Marklandus
761 2702 767 2747 Ι
800 2702 967 2747 ereptum
992 2712 1018 2747 p
1044 2700 1139 2735 cesis
1164 2704 1191 2734 F
1218 2701 1300 2745 (my.
1325 2711 1369 2734 m.
1396 2702 1422 2735 2
1446 2710 1472 2745 p
1498 2698 1635 2734 cesaris
1659 2700 1728 2743 ita)
1751 2698 1765 2746 ΙΙ

241 2765 262 2796 8
289 2761 410 2797 minas
435 2764 465 2795 V
489 2772 558 2806 my.
585 2773 629 2797 m.
656 2763 682 2796 2
701 2762 713 2806 ΙΙ
732 2764 752 2795 9
778 2759 989 2804 quicunque
1014 2764 1043 2793 1)
1063 2762 1092 2793 V
1110 2760 1123 2804 ΙΙ
1143 2763 1186 2794 10
1211 2759 1310 2804 mea]
1335 2759 1400 2793 tua.
1423 2761 1455 2792 Ν
1478 2769 1524 2794 m.
1548 2760 1575 2794 2

337 2832 451 2868 XXII.
501 2832 615 2867 Noua
640 2832 753 2876 eleqia
779 2842 858 2866 cum
883 2831 990 2865 titulo
1010 2830 1058 2864 acl
1077 2830 1212 2865 tullum
1231 2831 1273 2865 in
1292 2832 1318 2863 0
1338 2829 1541 2874 (eoniumyit
1555 2829 1677 2875 priori
1688 2830 1733 2874 Π)
1751 2827 1764 2875 ΙΙ

242 2895 259 2925 1
287 2891 418 2927 domus
442 2894 472 2924 V
495 2902 540 2926 m.
567 2894 593 2928 2
1467 2895 1475 2899 ”
