1898 3190
722 136 1104 173 PROLEGOMENA,
1556 138 1679 174 XXIII

154 245 318 288 Anemo·
348 244 555 287 Alternae
585 245 728 288 facilis
759 244 906 288 cedere
937 245 1118 301 lympha
1147 245 1314 301 manu'3
1343 247 1426 301 uel,
1458 246 1496 288 si
1526 261 1676 289 uocem

155 315 459 359 Lucretianam
476 314 704 371 Propertio
730 315 958 359 obtrudere
982 316 1145 358 uereris
1170 319 1343 372 praeter
1361 317 1677 371 necessitatem,

156 386 423 429 ‘fluitantis'.
455 412 510 417 -
541 386 606 429 ΙΠ
641 388 708 443 11,
742 387 796 430 15
815 402 924 443 sqq.:

331 457 476 500 Aurea
505 458 574 500 cui
604 460 834 514 postquam
864 457 1046 500 nudauit
1076 458 1246 501 cassida
1274 459 1476 514 frontem,

397 528 515 571 Vicit
544 529 754 572 uictorem
785 529 966 572 candida
995 529 1137 572 forma
1166 530 1321 573 uirum.

331 599 540 655 Omphale
571 600 617 642 in
646 602 815 643 tantum
846 600 1012 643 formae
1043 601 1254 655 processit
1283 601 1492 643 honorem
1525 616 1611 657 eqs.

151 671 288 712 multa
322 670 369 712 in
398 670 621 726 Propertio
657 671 794 712 tulere
833 670 966 727 docti,
1004 672 1077 714 sed
1115 672 1228 727 quod
1264 671 1348 714 hoc
1377 671 1472 715 loco
1511 672 1676 714 formae

152 742 410 784 uocabulum
441 742 608 784 duobus
638 741 837 784 uersibus
869 757 962 785 sese
988 742 1299 797 excipientibus
1325 743 1587 785 otiosissime
1612 743 1675 785 in-

152 813 482 868 gratissimeque
513 813 707 855 tulerunt
737 813 894 869 repeti,
929 813 1088 855 nimiae
1124 814 1266 855 hercle
1303 813 1676 870 indignandaeque

150 884 386 939 patientiae
423 898 518 926 esse
556 887 676 939 puto.
738 884 840 940 quid
878 884 991 940 quod
1022 899 1098 940 per
1129 900 1174 927 se
1211 885 1359 940 inepta
1390 887 1457 926 est
1486 899 1571 927 uox
1602 885 1676 927 illa

146 955 243 998 loco
288 954 536 1011 superiore?
596 954 869 998 Penthesilea
906 970 1003 998 cum
1047 955 1259 998 cassidam
1300 959 1498 1011 poneret,
1548 956 1675 998 heros

147 1040 238 1068 non
267 1025 452 1069 formam
485 1024 612 1082 (quae
644 1028 710 1068 est
740 1026 876 1068 totius
907 1026 1140 1082 corporis),
1175 1026 1249 1068 sed
1282 1041 1329 1068 os
1362 1026 1674 1069 admirabatur:

146 1096 257 1139 uidit
293 1097 463 1139 uultum
500 1098 656 1139 rubore
693 1097 891 1153 uirgineo
931 1097 1157 1152 suffusum,
1193 1097 1302 1138 uidit
1340 1097 1489 1140 oculos
1533 1099 1675 1139 truces

148 1167 277 1210 simul
314 1168 554 1223 dulcesque.
616 1182 814 1224 expunge
850 1169 985 1224 igitur
1019 1169 1204 1211 formam
1243 1169 1362 1211 illam
1402 1168 1561 1224 duplici
1599 1183 1676 1210 no-

148 1238 263 1287 mine
305 1239 540 1282 deformem
577 1242 626 1282 ut
668 1240 862 1295 ineptum
907 1241 1254 1295 supplementum
1296 1239 1534 1294 reddasque
1570 1239 1674 1282 Pro-

147 1309 300 1365 pertio,
332 1324 416 1365 quo
443 1313 486 1352 et
511 1311 729 1366 oppositio
749 1313 792 1353 et
812 1311 1064 1353 allitteratio
1097 1311 1168 1354 hic
1188 1311 1358 1366 quidem
1389 1310 1674 1366 pulcherrime

150 1381 346 1436 quaesita
376 1381 626 1437 perficiatur
644 1396 812 1438 quoque
844 1382 971 1424 simul
1002 1382 1180 1424 lacunae
1200 1381 1322 1437 origo
1353 1383 1518 1437 pateat:
1554 1381 1676 1424 ‘uicit

146 1451 354 1494 uictorem
375 1452 556 1495 candida
573 1453 692 1507 uiryo
715 1451 892 1495 uirum'.
934 1467 1036 1494 nam
1055 1452 1251 1508 potuisse
1271 1451 1427 1508 ‘uirgo'
1459 1452 1675 1495 trochaice

148 1537 176 1565 a
211 1525 363 1566 nostro
394 1523 498 1578 poni
536 1525 687 1566 notum
719 1525 786 1565 est
824 1521 896 1580 (cf.
928 1523 994 1566 III
1026 1524 1071 1578 9,
1102 1523 1161 1566 35
1193 1522 1331 1565 ‘findo
1370 1523 1536 1566 carina’
1569 1524 1673 1566 alia-

147 1592 263 1650 que).
297 1619 347 1624 —
380 1593 424 1636 II
455 1594 524 1649 22,
556 1595 633 1637 33:

327 1664 408 1707 nle
438 1665 508 1706 uel
538 1664 610 1707 hic
640 1664 800 1707 classes
831 1667 1003 1720 poterat
1032 1665 1101 1707 uel
1132 1664 1310 1720 perdere
1341 1680 1499 1708 muros.

149 1735 505 1778 absurdissimum
542 1735 711 1778 dicendi
743 1749 878 1791 genus
909 1738 1082 1778 tantum
1119 1736 1243 1777 abest
1274 1738 1322 1777 ut
1363 1735 1673 1793 Hertzbergius

148 1806 357 1862 exemplis
400 1804 558 1849 'adlatis
602 1806 916 1858 inlustrauerit,
958 1810 1008 1849 ut
1044 1807 1089 1848 in
1127 1806 1310 1848 clariore
1348 1806 1442 1849 luce
1481 1809 1675 1862 posuerit

148 1876 514 1932 deprauationem.
568 1892 668 1920 nam
701 1879 800 1919 ante
832 1878 979 1920 omnia
1009 1878 1131 1920 deest
1159 1878 1242 1920 hoc
1273 1878 1368 1920 loco
1403 1877 1672 1934 singulorum

148 1947 440 1990 membrorum
482 1945 844 2002 παραλληλισμός
892 1948 1091 1990 omnibus
1141 1947 1349 1990 eiusmodi
1398 1949 1505 1991 locis
1550 1951 1672 1992 anxie

149 2017 420 2061 obseruatus:
453 2017 558 2060 ‘ille'
590 2018 644 2061 ad
675 2018 890 2061 Achillem
921 2018 980 2074 (u.
1011 2019 1067 2061 29
1088 2018 1190 2074 sq),
1222 2018 1322 2060 ‘hic'
1355 2019 1408 2060 ad
1440 2019 1673 2063 Hectorem

149 2086 209 2144 (11.
239 2089 294 2131 31
317 2087 398 2146 sq.)
437 2091 621 2144 spectat,
658 2091 708 2130 ut
742 2088 872 2131 heros
910 2089 1144 2132 Thessalus
1183 2090 1367 2132 classem
1399 2090 1673 2144 Graecorum,

149 2159 360 2203 Troianus
392 2160 559 2215 patriae
583 2160 703 2202 urbis
729 2174 876 2202 muros
902 2161 1076 2215 perdere
1102 2175 1230 2215 posse
1250 2159 1426 2202 dicatur.
1467 2177 1518 2204 ea
1541 2177 1672 2217 porro

147 2229 275 2272 huius
305 2230 515 2273 enuntiati
544 2233 611 2272 est
630 2229 915 2272 conformatio
946 2233 996 2273 ut
1027 2233 1254 2286 utrumque
1287 2231 1342 2272 ab
1374 2234 1555 2288 utroque
1579 2249 1672 2288 per·

148 2301 221 2343 fici
251 2301 439 2356 quiuisse
477 2301 602 2343 nobis
634 2301 980 2355 persuadeamus.
1035 2315 1172 2357 neque
1204 2301 1331 2343 huius
1370 2304 1579 2345 sermonis
1611 2305 1674 2346 ui-

148 2372 251 2414 tiosi
282 2371 453 2426 culpam
484 2371 710 2425 Propertio
745 2370 846 2413 dare
877 2372 1074 2427 equidem
1106 2373 1263 2426 ausim,
1295 2373 1453 2428 quippe
1480 2374 1547 2415 cui
1572 2377 1674 2428 post

148 2443 267 2485 uocis
300 2442 408 2485 ‘illi'
447 2441 558 2498 (siue
591 2439 743 2498 ‘illei')
782 2442 828 2483 in
860 2441 977 2484 ‘ille'
1010 2443 1360 2497 deprauationem
1398 2457 1548 2485 uersus
1585 2445 1672 2486 iam

148 2529 235 2556 una
264 2513 433 2569 syllaba
462 2527 639 2554 mancus
669 2526 844 2554 manum
875 2512 1245 2567 interpolatricem
1282 2527 1434 2568 passus
1466 2514 1674 2558 uideatur.

149 2584 186 2626 si
228 2582 469 2638 reposueris
509 2581 596 2624 ‘illi
631 2583 697 2624 uel
733 2582 891 2625 classes
928 2586 1132 2638 poterant
1170 2584 1240 2626 uel
1275 2584 1452 2638 perdere
1491 2600 1638 2628 muros
1648 2585 1673 2640 ⁹,

149 2655 264 2696 ultro
290 2654 472 2696 lectores
498 2652 551 2694 ad
577 2667 700 2694 suum
725 2654 952 2709 utrumque
979 2654 1106 2696 colon
1132 2653 1371 2696 subiectum
1396 2655 1595 2699 referent.
1619 2682 1667 2688 —

149 2725 193 2767 H
223 2725 293 2779 29,
327 2725 354 2766 1-
372 2739 451 2779 sq,:
863 2777 866 2780 ⁴

326 2794 552 2846 Hesterna,
584 2808 679 2836 mea
709 2794 799 2850 lux,
831 2809 926 2837 cum
958 2798 1086 2850 potus
1118 2798 1245 2838 nocte
1277 2809 1459 2852 uagarer

391 2863 484 2908 Nec
514 2879 582 2907 me
614 2879 835 2908 seruorum
867 2866 1041 2909 duceret
1072 2867 1159 2910 ulla
1192 2881 1343 2909 manus
1376 2881 1462 2921 eqs.
