1898 3190
698 141 961 179 PROPERTII
986 142 1076 178 LIB.
1103 143 1147 179 11.
1176 146 1230 178 19.
1653 142 1710 184 69

886 325 1011 374 ΧΙΧ.

302 431 401 474 Etsi
430 445 499 472 me
528 429 667 471 inuito
699 429 885 481 decedis,
917 427 1125 484 Cynthia,
1155 429 1311 485 Roma,

362 502 521 544 Laetor
551 501 666 556 quod
698 501 790 542 sine
820 514 889 541 me
920 500 1046 542 deuia
1076 515 1177 542 rura
1207 501 1334 543 coles.

301 572 460 615 Nullus
493 572 576 614 erit
606 571 736 613 castis
767 571 938 612 iuuenis
969 574 1196 625 corruptor
1228 571 1274 612 in
1305 572 1442 627 agris,

360 643 443 693 Qui
474 645 518 685 te
548 641 771 683 blanditiis
802 655 891 683 non
922 641 1039 683 sinat
1069 656 1163 683 esse
1194 643 1387 697 probam.

266 725 287 756 5
301 713 434 757 Nulla
462 728 599 770 neque
630 714 731 754 ante
759 714 858 753 tuas
889 711 1052 753 orietur
1081 712 1175 754 rixa
1204 712 1434 769 fenestras,

358 784 450 827 Nec
480 786 561 827 tibi
592 785 802 827 clamatae
834 797 1007 824 somnus
1039 798 1211 826 amarus
1243 784 1336 826 erit.
1369 827 1374 830 ,

299 855 401 899 Sola
432 857 515 898 eris
546 858 591 898 et
622 854 738 896 solos
770 853 1005 908 spectabis,
1036 853 1244 909 Cynthia,
1274 858 1445 898 montes

355 925 415 968 Et
445 942 574 982 pecus
605 928 648 967 et
676 925 782 966 fines
812 925 1013 979 pauperis
1046 925 1273 980 agricolae.

297 996 392 1039 Illic
422 1000 467 1040 te
497 997 607 1039 nulli
637 997 843 1051 poterunt
874 1009 1144 1049 corrumpere
1175 996 1263 1037 ludi

241 1079 285 1110 10
356 1067 559 1130 Eanaque
588 1066 778 1123 peccatis
810 1065 998 1120 plurima
1028 1080 1158 1107 causa
1188 1066 1286 1108 tuis.

296 1139 392 1181 Illic
423 1139 593 1181 assidue
622 1141 772 1180 tauros
804 1136 1022 1191 spectabis
1053 1140 1226 1179 arantes

353 1209 414 1251 Et
441 1211 576 1252 m'tem
608 1209 735 1251 docta
764 1221 922 1262 ponere
951 1207 1061 1249 falce
1092 1222 1259 1263 comas,

294 1279 439 1336 Atque
468 1282 529 1323 ibi
561 1295 659 1322 rara
688 1279 799 1320 feres
830 1278 993 1319 inculto
1023 1281 1121 1320 tura
1151 1279 1327 1335 sacello,

353 1351 527 1394 Haedus
559 1350 634 1392 ubi
664 1348 847 1405 agrestis
879 1351 1050 1390 corruet
1081 1351 1181 1391 ante
1211 1349 1350 1404 focos,

235 1433 279 1464 15
291 1421 496 1465 Protinus
527 1424 571 1464 et
599 1421 714 1463 nuda
743 1419 921 1462 choreas
952 1419 1177 1461 imitabere
1208 1435 1324 1472 sura,

351 1492 506 1535 Omnia
537 1493 591 1535 ab
623 1495 798 1534 externo
831 1490 918 1548 sint
949 1489 1076 1532 modo
1106 1493 1204 1532 tuta
1237 1492 1340 1534 uiro.

291 1563 391 1619 Ipse
422 1579 502 1620 ego
533 1562 737 1606 uenabor.
772 1561 860 1602 iam
890 1575 1004 1603 nunc
1036 1576 1104 1603 me
1137 1577 1260 1604 sacra
1289 1563 1457 1606 Dianae

352 1633 575 1690 Suscipere
606 1636 650 1675 et
678 1632 838 1674 Veneri
868 1646 1037 1686 ponere
1060 1635 1164 1674 uota
1193 1633 1325 1676 iuuat.

290 1705 500 1760 Incipiam
532 1706 708 1758 captare
739 1702 851 1744 feras
883 1705 926 1743 et
956 1702 1133 1744 reddere
1164 1704 1267 1758 pinu
1336 1758 1340 1765 ¹

231 1786 277 1818 20
350 1773 525 1817 Cornua
555 1778 599 1816 et
630 1773 812 1815 audaces
842 1773 935 1828 ipse
966 1787 1139 1814 mouere
1172 1788 1317 1829 canes3

288 1844 389 1888 Non
419 1848 565 1888 tamen
595 1849 645 1886 ut
674 1847 824 1887 uastos
857 1844 996 1885 ausim
1026 1846 1240 1899 temptare
1271 1846 1417 1890 leones

348 1917 438 1959 Aut
468 1918 579 1959 celer
609 1919 803 1972 agrestes
836 1915 1074 1957 comminus
1105 1916 1167 1958 ire
1199 1931 1316 1960 sues:

288 1986 407 2030 Haec
437 1988 570 2043 igitur
600 1987 707 2028 mihi
738 1987 797 2028 sit
826 1987 995 2040 lepores
1027 1986 1206 2030 audacia
1236 1989 1390 2032 mones

263 2103 353 2140 Vn.
379 2116 478 2138 nse-r.
527 2103 624 2138 XIX.
672 2102 786 2137 Noua
809 2103 923 2147 eleyia
946 2114 1027 2137 cum
1051 2104 1158 2139 titulo
1183 2105 1232 2140 ad
1257 2107 1447 2150 cynthiam
1469 2110 1511 2144 in
1530 2112 1587 2156 011
1608 2116 1625 2146 1
1648 2111 1695 2147 Et

168 2162 201 2197 si
224 2173 284 2198 me
307 2166 336 2196 r
354 2165 403 2198 1:
429 2163 480 2197 Et
504 2162 582 2198 sine
607 2172 667 2196 me
691 2166 721 2196 1)
739 2165 770 2195 V
809 2163 814 2206 1
848 2161 996 2197 decedis
1020 2164 1171 2208 scripsi:
1196 2164 1357 2201 discedis
1382 2170 1407 2201 0
1438 2169 1451 2213 η
1481 2173 1502 2202 2
1528 2169 1627 2204 coles
1654 2182 1692 2208 5:

169 2220 262 2257 colis
286 2224 313 2255 0
330 2223 344 2267 Ι
362 2226 384 2257 5
409 2221 507 2257 sinet
530 2231 608 2256 esse
627 2231 750 2256 meam
768 2225 797 2254 D
813 2223 861 2265 V,
885 2222 948 2256 sed
971 2225 1118 2267 uterque
1136 2235 1203 2268 my.
1220 2236 1291 2269 pro
1309 2237 1390 2262 aar.
1412 2227 1488 2263 lect.
1507 2229 1663 2272 probam
1682 2231 1692 2244 '¹

170 2284 191 2316 7
217 2279 433 2326 expectabis
456 2283 490 2314 Π
506 2281 519 2324 fl
537 2283 559 2314 9
583 2279 694 2326 nulli]
723 2279 811 2314 nudi
836 2283 881 2322 F,
907 2290 999 2315 corr.
1022 2293 1069 2317 m.
1094 2285 1120 2318 2
1138 2283 1153 2326 fl
1173 2286 1216 2317 10
1240 2283 1443 2330 Phanaque
1467 2290 1497 2319 D
1515 2289 1545 2319 V
1566 2287 1572 2333 Ι
1592 2271 1693 2332 pecis

169 2339 291 2384 1113
316 2339 428 2374 thura
453 2341 478 2372 0
504 2341 602 2382 (rara
624 2342 656 2372 Π
680 2339 723 2372 tu
746 2341 945 2384 suprascr.)
964 2341 978 2383 Ι
997 2343 1042 2374 14
1065 2340 1693 2391 ubirsszibiDV1ag1-estesr”

171 2401 217 2450 ui
234 2408 362 2434 coreas
380 2397 573 2433 mutabere
590 2401 619 2430 r
636 2398 650 2442 ΙΙ
670 2401 713 2432 17
738 2397 890 2444 Veneri]
915 2399 1043 2435 Fauno
1066 2401 1159 2435 com'.
1177 2401 1372 2438 Jacobsius
1388 2405 1532 2440 nemori
1559 2405 1609 2439 W
1606 2418 1691 2441 aar·

169 2457 408 2503 donburyius;
433 2468 545 2502 neque
569 2467 631 2502 eqo
655 2456 792 2492 Veneri
815 2468 947 2492 sanum
970 2469 1041 2493 esse
1059 2461 1282 2504 persuadere
1305 2462 1396 2496 mihi
1412 2473 1579 2507 possum3
1604 2465 1688 2507 fort.

167 2513 263 2549 lucri
286 2515 347 2558 (cf.
373 2526 426 2550 ex.
452 2527 507 2561 yr.
534 2516 660 2550 Gratii
685 2515 814 2562 Gyneq.
842 2518 925 2561 232)
960 2518 974 2562 fl
1013 2521 1056 2553 19
1083 2520 1234 2564 captare
1264 2519 1362 2555 feras
1392 2532 1504 2566 neque
1534 2534 1614 2558 eum
1638 2535 1689 2559 se-

167 2574 359 2619 qum-tabas
381 2575 529 2610 uidetur
554 2575 747 2609 comoenire
780 2586 892 2620 neque
927 2576 969 2611 in
1004 2577 1115 2612 initio
1145 2582 1350 2623 apparatus
1380 2582 1543 2616 uenatiei
1574 2582 1688 2618 locum

166 2631 310 2675 Ῑιαῠενες
334 2632 487 2675 fortasse
510 2632 764 2678 Incipiamque
795 2635 925 2679 aptare
948 2635 1048 2670 feros
1073 2637 1132 2679 (=
1153 2639 1280 2682 equos)
1303 2640 1308 2682 Ι
1329 2638 1419 2683 pinu
1438 2642 1527 2674 VB:
1552 2642 1642 2686 psnn
1659 2647 1688 2676 Β

166 2689 271 2736 pmni
293 2694 323 2724 r
351 2693 502 2727 nectere
532 2691 656 2737 pinnis
679 2692 937 2736 Bur-mannum
976 2694 1063 2729 latet
1093 2696 1206 2730 altius
1236 2697 1356 2732 ulcus:
1394 2709 1533 2734 cornua
1563 2711 1688 2734 arcum

165 2749 383 2794 interpretor
400 2750 414 2795 Ι
431 2753 477 2785 20
495 2761 645 2785 mouere
665 2753 709 2785 0:
728 2762 876 2786 monere
895 2755 927 2786 Π
945 2753 959 2796 Ι
976 2756 1020 2787 21
1041 2755 1107 2788 aut
1124 2755 1251 2790 uastos
1264 2756 1504 2802 Ayrmarmus
1521 2757 1688 2803 inpastos

166 2807 344 2844 Heinius
364 2810 370 2853 Ι
390 2810 535 2844 tentare
558 2814 587 2843 Β
606 2812 637 2842 V
661 2810 843 2845 temerare
868 2820 891 2848 ς
919 2811 933 2856 Ι
962 2815 1008 2846 22
1034 2812 1238 2848 comminus
1262 2819 1292 2848 Β
1310 2817 1358 2850 V:
1384 2815 1550 2851 cominus
1574 2820 1602 2850 P
1621 2820 1653 2850 Π
1675 2818 1687 2862 §J

168 2869 214 2901 23
237 2865 353 2913 igitur
377 2868 695 2914 lanyuidissimum
718 2872 784 2913 e3t3
806 2873 899 2915 puto
921 2869 1044 2906 iaculo
