1898 3190
225 171 280 213 78
707 172 966 209 PROPERTII
990 173 1078 208 LIB.
1105 174 1149 209 ΙΙ.
1175 171 1251 209 24¹³.

340 282 451 325 Atra
481 296 648 324 uenena
679 282 816 324 libens
851 286 894 325 et
924 281 1161 338 naufragus
1193 283 1340 325 ebibat
1370 282 1528 337 undas,

399 353 459 395 Et
488 368 722 409 numquam
753 369 832 409 pro
864 357 907 396 te
939 355 1121 410 deneget
1152 369 1245 397 esse
1277 354 1406 396 miser

341 421 477 479 (Quos
509 424 675 466 utinam
706 425 752 466 in
782 426 926 480 nobis,
957 426 1066 480 uita,
1099 426 1318 480 experiare
1349 423 1558 481 labores):

282 506 327 537 30
399 494 492 536 Iam
523 495 605 537 tibi
637 495 688 537 de
719 496 884 538 timidis
917 497 999 538 iste
1030 498 1258 550 proteruus
1291 495 1390 550 erit,

342 565 424 615 Qui
454 580 568 607 nune
601 581 644 607 se
679 567 724 608 in
754 566 967 608 tumidum
998 566 1197 609 iactando
1230 566 1350 608 uenit
1374 565 1604 608 honorem:

400 636 639 679 Discidium
671 637 797 680 uobis
829 639 1051 693 proximus
1084 653 1220 680 annus
1252 637 1344 679 erit.

342 707 403 748 At
433 722 501 749 me
533 722 622 749 non
655 710 773 750 aetas
806 709 996 750 mutabit
1026 711 1122 751 tota
1153 707 1362 763 Sibyllae,

401 777 501 820 Non
532 778 658 820 labor
688 778 886 833 Alcidae,
916 794 1005 822 non
1035 779 1158 835 niger
1188 779 1263 820 ille
1295 779 1396 821 dies.

284 860 328 890 35
344 848 455 890 Tum
487 863 554 891 me
587 863 818 904 compones
851 853 894 892 et
925 850 1040 893 dices
1073 849 1205 904 tossa,
1236 847 1454 905 Properti,

401 919 520 962 Haeo
551 922 628 962 tua
660 923 777 963 sunt:
811 921 919 963 eheu
948 924 997 963 tu
1029 921 1135 962 mihi
1168 923 1310 962 certus
1343 934 1448 962 eras.

344 990 495 1033 Certus
528 1006 622 1034 eras
655 992 782 1048 eheu,
813 993 1008 1048 quamuis
1040 1006 1118 1034 nec
1150 991 1358 1047 sanguine
1390 990 1508 1032 auito

401 1063 571 1106 Nobilis
605 1066 649 1105 et
680 1064 875 1118 quamuis
906 1078 995 1105 non
1025 1063 1086 1104 ita
1118 1063 1238 1104 diues
1270 1060 1392 1103 eras.'

342 1132 417 1175 Nil
450 1147 530 1189 ego
562 1148 650 1175 non
681 1134 843 1189 patiar:
874 1148 1110 1189 numquam
1141 1147 1209 1174 me
1240 1132 1397 1174 iniuria
1427 1134 1584 1173 mutat:

284 1214 330 1245 40
403 1203 532 1246 Ferre
566 1219 645 1260 ego
677 1204 915 1247 formosam
945 1205 1113 1246 nullum
1145 1219 1253 1246 onus
1286 1217 1378 1244 esse
1409 1204 1526 1257 puto.

346 1273 484 1316 Credo
518 1289 599 1330 ego
630 1290 719 1317 non
750 1290 909 1331 paucos
941 1276 1026 1317 ista
1056 1274 1236 1329 periisse
1267 1274 1420 1329 figura,

404 1344 541 1387 Credo
575 1360 654 1402 ego
687 1347 761 1388 sed
792 1347 951 1389 multos
982 1361 1071 1389 non
1100 1346 1304 1388 habuisse
1335 1343 1473 1386 fidem.

343 1416 484 1459 Paruo
517 1417 668 1459 dilexit
700 1419 841 1473 spatio
873 1417 1064 1460 Minoida
1095 1417 1305 1471 Theseus,

402 1488 606 1543 Phyllida
636 1488 940 1544 Demophoon,
971 1488 1129 1543 hospes
1161 1490 1340 1543 uterque
1372 1486 1523 1528 malus.

285 1569 330 1600 45
345 1558 483 1608 Quam
515 1559 600 1604 cito
632 1559 808 1602 Iasonia
839 1562 966 1601 uecta
997 1560 1064 1601 est
1094 1558 1246 1600 Medea
1277 1558 1440 1613 carina,

404 1629 464 1671 Et
494 1630 622 1672 modo
656 1631 710 1672 ab
743 1630 877 1673 infido
910 1631 1004 1673 sola
1034 1630 1185 1672 relicta
1216 1629 1327 1671 uiro!

346 1701 466 1743 Dura
497 1704 578 1757 est,
611 1717 720 1758 quae
751 1702 899 1744 multis
933 1701 1180 1744 simulatum
1211 1699 1337 1755 fingit
1367 1714 1575 1754 amorem,

403 1772 462 1814 Et
494 1787 539 1814 se
570 1774 666 1827 plus
698 1773 770 1815 uni
804 1773 840 1815 si
872 1787 956 1829 qua
987 1786 1140 1827 parare
1171 1772 1328 1826 potest.

343 1842 448 1885 Noli
477 1843 716 1899 nobilibus,
747 1844 837 1885 noli
868 1843 1060 1886 conferre
1090 1842 1249 1884 beatis:

286 1926 331 1957 50
405 1914 490 1957 Vix
523 1915 673 1985 uenit&
692 1916 882 1956 extremo
915 1914 989 1969 qui
1021 1914 1138 1969 legat
1170 1927 1270 1955 ossa
1300 1912 1380 1954 die.

319 2104 412 2139 VAR.
438 2115 537 2137 Luem.
593 2105 638 2137 27
678 2102 771 2136 Atra
793 2100 942 2145 scripsi:
968 2099 1080 2135 Tetra
1105 2102 1130 2133 0
1155 2098 1262 2134 Trita
1286 2097 1466 2132 Heinsius
1498 2098 1504 2142 Ι
1538 2097 1665 2134 edibat
1687 2103 1716 2133 Ι)
1742 2099 1752 2146 Η

227 2168 272 2199 28
299 2174 483 2208 nusquam
509 2161 761 2196 Marklandus
796 2160 809 2205 ΙΙ
845 2163 888 2194 31
917 2170 955 2194 se
981 2170 1046 2195 om.
1074 2169 1096 2197 ς
1130 2161 1135 2202 1
1168 2157 1309 2193 tumide
1334 2160 1378 2201 Ἐς
1412 2156 1453 2191 in
1483 2158 1631 2192 tantum
1657 2158 1750 2193 coni.

227 2223 442 2265 Liuineius3
479 2221 604 2257 malim
642 2231 680 2256 se
711 2219 855 2254 tumide
886 2218 1060 2254 iactando
1091 2217 1237 2253 inuenit
1270 2217 1283 2262 ΙΙ
1318 2220 1364 2251 32
1401 2215 1603 2251 Dissidium
1627 2221 1656 2251 1)
1675 2219 1706 2250 V
1745 2215 1750 2263 Ι

229 2283 335 2318 nobis
360 2285 387 2315 Ε·
413 2293 458 2316 m.
483 2284 504 2316 1
537 2281 550 2325 ΙΙ
581 2284 625 2315 33
651 2279 829 2324 sibill(a)e
853 2282 881 2312 F
900 2281 931 2312 Ν
967 2279 980 2323 ΙΙ
1016 2281 1156 2313 35-38
1180 2280 1267 2322 post
1291 2279 1335 2311 52
1361 2276 1487 2311 traicit
1513 2275 1620 2311 Oonr.
1645 2275 1753 2311 Ross-

232 2342 375 2387 beryius
392 2342 405 2386 ΙΙ
424 2344 467 2376 35
494 2340 589 2375 Tum
613 2350 673 2374 me
698 2339 845 2383 scripsi:
873 2337 927 2372 Tu
954 2349 1037 2372 mea
1063 2340 1087 2371 0
1106 2338 1119 2381 ΙΙ
1138 2341 1200 2380 36,
1226 2340 1271 2372 37
1298 2335 1391 2371 eheu
1416 2338 1444 2368 F
1462 2338 1494 2369 Π
1519 2335 1660 2380 (priore
1679 2335 1754 2370 loco

230 2405 258 2435 F
283 2412 350 2447 my.
377 2413 422 2436 m.
449 2404 475 2437 2
501 2401 543 2434 aT
566 2399 670 2444 heu):
703 2399 778 2433 heu
802 2398 875 2432 heu
898 2402 927 2431 Ι)
946 2399 976 2429 V
1012 2397 1025 2441 ΙΙ
1061 2400 1106 2431 38
1142 2406 1217 2430 non
1246 2394 1302 2430 ita
1334 2394 1543 2430 Fontanus:
1574 2393 1704 2429 nauita
1729 2396 1754 2428 0

231 2460 332 2495 haud
356 2459 411 2494 ita
435 2459 614 2494 Heinsius
631 2459 644 2503 11
663 2461 707 2493 39
732 2456 856 2502 patiar
880 2460 907 2490 F
926 2459 958 2489 N
983 2456 1026 2500 (V
1050 2467 1095 2491 m.
1122 2456 1179 2500 2):
1205 2454 1329 2500 patior
1352 2458 1380 2488 D
1399 2456 1430 2487 V
1450 2454 1469 2501 ,ΙΙ
1496 2457 1541 2488 41
1566 2451 1755 2498 peperisse

233 2521 330 2563 (ante
354 2519 418 2554 hoc
443 2519 511 2553 litt.
536 2530 587 2564 pp
613 2518 748 2561 deletis)
773 2519 800 2550 F
825 2515 961 2561 perisse
986 2517 1017 2548 N
1042 2525 1086 2549 m.
1113 2518 1132 2548 1
1162 2514 1174 2559 ΙΙ
1199 2518 1243 2548 42
1269 2513 1415 2548 hauisse
1439 2515 1469 2546 V
1495 2514 1508 2557 [Ι
1538 2516 1583 2547 43
1607 2512 1754 2548 Paruuo

232 2582 264 2612 N
285 2578 290 2624 1
311 2578 486 2613 thesaeus
511 2581 539 2611 1>
570 2577 582 2622 ΙΙ
613 2579 658 2611 44
683 2574 819 2611 Fillida
845 2574 1054 2619 demophon
1078 2577 1105 2607 F
1136 2574 1149 2618 ΙΙ
1178 2576 1224 2608 45
1259 2571 1378 2614 Quam
1403 2570 1477 2607 cito
1501 2572 1649 2616 scripsi:
1674 2572 1754 2606 Iam

231 2637 302 2672 tibi
329 2640 353 2671 0
394 2641 399 2682 Ι
438 2637 549 2671 uecta
573 2635 767 2670 Heinsius:
798 2634 889 2669 nota
915 2636 939 2666 0
976 2633 988 2678 ss
1024 2636 1069 2668 46
1102 2632 1148 2667 ab
1172 2631 1286 2666 infido
1310 2635 1339 2664 D
1358 2633 1404 2665 V:
1439 2640 1504 2665 om.
1531 2633 1576 2675 r,
1606 2630 1754 2664 seruato

232 2697 326 2732 idem
350 2706 418 2741 my.
444 2707 489 2731 m.
515 2697 559 2739 2,
584 2697 615 2728 N
640 2697 673 2729 et
696 2696 726 2727 V
749 2704 818 2738 my.
843 2704 888 2727 m.
913 2694 939 2727 2
973 2691 1100 2726 fallaci
1124 2695 1152 2724 1)
1184 2701 1252 2735 my.
1276 2699 1345 2734 pro
1369 2699 1450 2723 uar.
1477 2689 1552 2723 leet.
1583 2688 1597 2733 η
1627 2691 1684 2731 47,
1708 2690 1754 2722 48

231 2758 313 2800 post
345 2758 388 2790 32
416 2754 595 2799 Scaliyer‚
621 2756 706 2798 post
730 2756 775 2787 22
802 2751 909 2787 Gonr.
935 2750 1174 2795 Rossberyius
1202 2748 1385 2793 ponebant
1419 2747 1432 2792 ΙΙ
1468 2750 1512 2782 49
1550 2748 1588 2782 te
1624 2746 1755 2782 offerre

233 2814 413 2850 Heinsius
437 2812 621 2849 confidere
645 2810 761 2847 lautis
785 2810 962 2848 Eldikius
986 2810 1147 2856 gaudere
1173 2807 1396 2844 Schraderus
