1898 3190
205 143 262 185 92
655 143 915 179 PROPERTII
940 144 1029 180 LIB.
1056 143 1100 178 II.
1127 148 1184 179 30.
1210 148 1266 180 31.

382 250 631 294 Communis
664 251 814 306 culpae
846 266 922 293 cur
952 266 1051 294 reus
1083 267 1192 294 unus
1225 252 1360 308 agor?

322 322 412 365 Nec
443 325 490 364 tu
522 322 764 378 uirginibus
796 323 1038 364 reuerentia
1068 323 1256 365 moueris
1289 339 1383 367 ora:

383 393 467 435 Hic
499 407 667 449 quoque
698 407 787 435 non
817 393 954 435 nescit
985 393 1085 448 quid
1119 393 1176 435 sit
1206 408 1349 437 amare
1380 395 1553 448 chorus,

269 475 313 506 35
329 463 373 506 Si
404 466 548 506 tamen
581 463 739 520 Oeagri
771 463 979 520 quaedam
1011 478 1255 519 compressa
1286 466 1427 522 figura

383 534 590 577 Bistoniis
622 535 725 577 olim
755 535 935 590 rupibus
968 536 1177 578 accubuit.

327 605 410 648 Hic
440 606 513 647 ubi
545 621 612 647 me
644 606 784 660 prima
816 608 1008 660 statuent
1037 606 1082 648 in
1112 609 1233 661 parte
1265 608 1462 664 choreae,

380 677 440 719 Et
469 677 633 719 medius
665 678 790 719 docta
821 677 994 732 cuspide
1025 677 1221 721 Bacchus
1254 679 1352 733 erit,

321 747 431 789 Tum
462 748 592 803 capiti
625 762 769 790 sacros
800 749 943 803 patiar
973 749 1155 803 pendere
1186 750 1430 804 corymbos:

263 830 309 860 40
382 817 496 860 Nam
529 819 621 861 sine
653 834 701 861 eo
733 821 929 861 nostrum
960 834 1049 861 non
1079 820 1197 862 ualet
1226 821 1459 876 ingenium.

882 1106 1051 1153 XXXI.

320 1209 518 1261 Quaeris,
550 1224 625 1252 cur
655 1210 827 1251 ueniam
858 1210 939 1251 tibi
969 1210 1144 1252 tardior.
1195 1226 1324 1253 aurea
1354 1211 1519 1254 Phoebi

379 1281 579 1324 Porticus
612 1296 638 1322 a
668 1295 825 1337 magno
859 1281 1041 1324 Caesare
1073 1285 1223 1337 aperta
1252 1282 1354 1337 fuit,

321 1353 492 1403 Quanta
523 1354 618 1394 erat
648 1352 693 1393 in
726 1352 927 1406 speciem,
958 1351 1113 1394 Poenis
1145 1352 1313 1408 digesta
1344 1353 1571 1409 columnis,

286 1436 307 1465 4
378 1423 497 1465 Inter
528 1438 634 1478 quas
668 1423 807 1466 Danai
838 1422 999 1465 femina
1028 1423 1157 1465 turba
1188 1423 1314 1466 senis.

285 1495 429 1537 9Tum
460 1495 646 1536 medium
679 1494 794 1535 claro
826 1494 1032 1549 surgebat
1062 1509 1275 1536 marmore
1306 1494 1532 1550 templum,

262 1578 304 1608 10
377 1565 435 1608 Et
466 1565 609 1620 patria
638 1564 813 1607 Phoebo
847 1564 988 1606 carius
1022 1563 1215 1620 Ortygia.

319 1637 493 1692 Aequos
521 1635 633 1679 Solis
666 1639 758 1678 erat
789 1651 918 1691 supra
949 1636 1124 1692 fastigia
1155 1651 1321 1691 currus3

379 1708 437 1749 Et
467 1709 638 1762 ualuae,
671 1708 823 1762 Libyci
854 1707 998 1749 nobile
1030 1707 1168 1749 dentis
1202 1722 1328 1762 opus,

318 1779 471 1821 Altera
502 1780 687 1822 deiectos
719 1779 899 1821 Parnasi
930 1779 1091 1820 uertice
1124 1777 1293 1834 Gallos,

377 1851 528 1893 Altera
559 1851 780 1892 maereba-t
810 1850 961 1891 funera
994 1849 1254 1892 Tantalidos.

299 2038 388 2072 Vn.
416 2051 513 2074 macr.
565 2043 608 2074 32
635 2038 801 2075 comunis
819 2043 847 2072 Ι)
861 2041 889 2072 V
908 2039 921 2083 ΙΙ
939 2041 983 2072 33
1004 2038 1082 2072 Nec
1108 2037 1146 2072 te
1171 2036 1330 2083 uirginei
1349 2049 1377 2071 r.
1398 2037 1557 2073 mouerit
1575 2037 1651 2074 oris
1671 2049 1692 2076 ς
1711 2039 1724 2085 ΙΙ

203 2101 249 2132 34
275 2098 394 2133 nescit
420 2100 460 2134 iri
484 2098 606 2134 noscit
630 2109 720 2134 corr.
741 2100 770 2131 V
792 2099 797 2143 Ι
820 2097 891 2132 scit
908 2100 934 2130 F
953 2098 966 2142 ΙΙ
984 2101 1029 2131 35
1056 2096 1130 2131 Sed
1148 2098 1179 2129 N
1202 2098 1206 2140 Ι
1229 2094 1370 2142 oeagrii
1388 2099 1433 2139 V;
1461 2096 1605 2143 Oeagro
1624 2098 1722 2133 Bwr-

199 2167 357 2192 marmus
381 2158 501 2192 senior
537 2158 549 2202 ΙΙ
586 2161 631 2193 36
669 2156 852 2202 ingemuit
876 2161 904 2190 1>
931 2159 977 2200 (et
1002 2159 1030 2189 V
1055 2166 1122 2200 my.
1149 2166 1194 2190 m.
1221 2156 1261 2200 2)
1295 2167 1338 2190 ex
1363 2155 1379 2190 I
1408 2163 1437 2199 1,
1465 2159 1520 2200 14,
1544 2157 1607 2192 sed
1630 2157 1723 2192 idem

200 2215 375 2252 accubuit
399 2228 466 2261 my.
487 2227 559 2261 pro
584 2227 666 2252 aar.
693 2216 767 2250 lect.
799 2217 811 2259 fl
840 2219 882 2250 37
910 2225 968 2248 me
995 2217 1037 2250 0:
1063 2216 1100 2249 te
1127 2224 1148 2252 ς
1174 2213 1337 2260 Guyetus
1361 2215 1374 2259 ΙΙ
1398 2216 1443 2248 38
1469 2213 1596 2261 docta]
1622 2215 1724 2250 tecta

201 2275 364 2320 Scaliyer
392 2278 397 2319 ἱ
430 2276 563 2310 baccus
587 2279 615 2308 F
641 2274 780 2310 bachus
805 2277 836 2307 N
870 2275 875 2317 l
909 2273 980 2309 eris
1006 2273 1244 2318 Rossberyius
1274 2274 1286 2317 ΙΙ
1322 2277 1366 2308 39
1394 2272 1516 2318 campi
1540 2276 1567 2306 r
1592 2285 1636 2308 m.
1663 2277 1685 2308 1
1714 2272 1720 2321 1

200 2335 384 2370 corimbos
409 2338 436 2368 F
455 2335 468 2379 ΙΙ
486 2338 532 2369 40
557 2346 600 2369 eo
625 2334 772 2378 scripsi:
799 2333 837 2367 te
864 2335 888 2366 0
921 2351 924 2354 -

297 2405 428 2440 ΧΧΧΪ.
496 2406 678 2440 Adhaeret
707 2404 889 2448 superiori
920 2404 960 2438 iri
986 2406 1028 2447 0,
1059 2404 1247 2447 separauit
1271 2405 1301 2436 V
1331 2406 1375 2438 m.
1399 2406 1427 2439 ,2
1463 2403 1477 2447 ΙΙ
1512 2406 1533 2437 3
1577 2402 1724 2446 Quanta

200 2465 349 2511 scripsi:
376 2465 496 2498 Tanta
521 2467 546 2498 0
573 2464 670 2499 Tota
694 2473 715 2501 ς
738 2468 742 2507 Ι
763 2463 803 2498 in
829 2462 991 2507 spatium
1017 2462 1196 2497 Heinsius
1223 2464 1228 2504 1
1255 2460 1360 2506 penis
1385 2464 1416 2495 R
1441 2460 1570 2505 pennis
1595 2462 1671 2504 (alt.
1696 2473 1722 2496 n

200 2526 409 2567 suppuncta
433 2534 478 2557 m.
504 2524 544 2567 2)
570 2524 601 2555 V
625 2521 753 2567 poenis
778 2525 805 2555 F
829 2532 897 2566 my.
923 2532 968 2555 m.
995 2523 1036 2556 2:
1063 2531 1128 2556 om.
1154 2524 1182 2554 D
1201 2523 1228 2554 F
1259 2521 1265 2564 Ι
1293 2519 1474 2554 columnis
1498 2522 1526 2552 r
1550 2530 1595 2554 m.
1621 2523 1666 2564 2,
1690 2522 1721 2553 V

200 2593 269 2627 my.
294 2593 339 2616 m.
366 2585 410 2617 :22
436 2580 617 2616 columbis
644 2583 669 2614 0
688 2582 740 2626 114
766 2591 882 2624 aquas
907 2582 937 2613 V
962 2590 1028 2624 my.
1056 2591 1100 2614 m.
1120 2583 1146 2615 2
1169 2582 1174 2624 Ι
1197 2578 1308 2624 senis]
1334 2589 1446 2612 nurus
1463 2580 1494 2611 V
1511 2589 1580 2622 my.
1599 2589 1644 2613 m.
1664 2581 1690 2614 2
1709 2577 1723 2624 ΙΙ

200 2653 262 2676 uu.
289 2642 353 2686 qui
376 2644 463 2675 sunt
487 2641 529 2674 in
556 2643 580 2674 0
607 2643 698 2674 5-8
726 2643 811 2684 post
842 2643 884 2673 16
917 2639 1060 2673 traiecit
1084 2638 1214 2673 Dousa
1243 2638 1344 2681 filius
1385 2637 1398 2682 Η
1439 2640 1460 2672 9
1503 2636 1600 2671 Dum
1624 2640 1672 2681 Ι),
1691 2639 1721 2669 V

199 2713 245 2736 m.
271 2704 291 2736 1
315 2701 320 2745 Ι
342 2698 467 2735 Clario
493 2699 657 2744 Scaliyer
682 2698 790 2733 Pario
817 2698 980 2742 Gwyecus
1010 2698 1022 2741 ΙΙ
1055 2701 1098 2732 10
1125 2697 1245 2732 carius
1269 2699 1297 2729 F
1315 2698 1347 2730 Π
1371 2696 1419 2739 (et
1442 2698 1472 2728 V
1496 2706 1564 2740 my.
1589 2706 1635 2731 m.
1661 2697 1719 2740 2):

202 2758 338 2794 clarior
360 2763 389 2793 Ι)
407 2760 437 2791 V
460 2762 463 2801 fl
487 2757 650 2801 orthigia
673 2761 699 2791 F
726 2756 862 2801 ortigia
886 2759 917 2790 Ν
942 2757 955 2801 u
981 2760 1022 2790 11
1049 2757 1197 2801 Aequos
1223 2756 1259 2799 (i.
1287 2765 1312 2790 e.
1339 2754 1462 2789 itidem
1486 2754 1719 2798 marmoreus)

199 2818 347 2862 scripsi:
373 2816 422 2851 Et
446 2827 519 2860 quo
546 2818 570 2849 0
596 2815 696 2849 Auro
722 2816 779 2850 uel
803 2815 845 2849 In
870 2825 943 2859 quo
970 2825 991 2852 ς
1017 2814 1065 2849 Et
1090 2814 1162 2850 duo
1184 2835 1225 2839 -
1246 2814 1352 2848 erant
1369 2813 1656 2858 Hmzberyiusn
1676 2815 1719 2848 12

201 2877 355 2920 fortasse
379 2876 431 2910 At
451 2876 456 2920 Ι
478 2873 582 2910 libici
606 2877 632 2907 F
652 2877 683 2908 N
701 2875 713 2920 ΙΙ
734 2878 777 2909 13
803 2874 972 2920 parnassi
995 2878 1024 2908 Ι)
1043 2876 1073 2907 V

1883 2272 1898 2488 staua-ann*
