1898 3190
211 159 367 194 XXVIII
790 158 1168 196 PROLEGOMENA.

210 267 261 309 fit
292 267 329 309 si
361 266 502 309 ‘suum
532 266 767 322 pastorem'
800 283 826 311 a
855 268 1081 323 Propertio
1114 268 1285 311 uenisse
1317 268 1525 311 sumimus
1557 268 1680 324 eique
1711 283 1738 311 a

213 338 448 381 semidocto
503 338 662 394 scriba,
706 339 778 395 qui
827 339 879 381 de
924 338 1091 382 Paridis
1136 339 1181 381 in
1229 339 1307 381 Ida
1349 339 1504 382 iudicio
1561 339 1738 395 legerat,

213 408 400 452 ‘Parim'
433 411 772 465 suprascriptum
811 425 922 453 esse:
959 411 1159 453 nouimus
1198 411 1311 453 enim
1347 411 1569 453 hominum
1600 424 1736 466 genus

212 478 283 535 (cf.
314 495 354 535 p.
386 480 500 537 XX).
556 483 598 523 et
636 496 661 523 a
698 481 904 524 Romanis
942 482 1177 524 lectoribus
1215 482 1363 524 statim
1405 475 1738 538 intellegebatur

211 551 318 594 illud
339 551 479 594 ‘suum
493 551 742 608 pastorem',
762 553 963 608 quoniam
993 555 1166 608 praeter
1178 552 1398 596 Anchisen
1417 567 1504 595 non
1535 566 1738 608 agnosce—

212 623 318 664 bant
355 623 526 665 fabulae
567 624 697 665 alium
729 623 912 666 Veneris
943 625 989 665 in
1019 623 1097 666 Ida
1138 626 1388 667 amatorem.
1419 648 1477 654 —-
1507 638 1637 679 porro
1669 638 1737 666 ue·

213 709 308 736 rum
339 693 498 736 uidisse
530 697 634 750 puto
667 694 912 750 Heinsium,
944 710 1041 737 cum
1071 695 1137 737 III
1173 696 1238 750 11,
1273 696 1325 738 17
1347 710 1425 751 sq.:

392 776 605 832 Omphale
637 777 683 819 in
713 779 885 820 tantum
915 778 1080 820 formae
1112 778 1321 833 processit
1350 778 1560 821 honorem

457 848 597 904 Lydia
628 847 806 905 Gygaeo
839 849 978 892 tincta
1006 850 1150 904 puella
1181 849 1290 905 lacu,

213 931 287 973 ubi
319 931 421 974 Itali
453 931 608 973 uitium
640 931 943 986 prosodiacum
975 931 1060 975 ‘et'
1092 931 1317 975 inserendo
1357 933 1586 987 sanabant,
1618 931 1739 974 ‘Om-

213 1001 364 1057 phale'
403 1016 566 1044 meram
604 1016 698 1044 esse
737 1002 928 1059 glossam
959 1003 1269 1058 pronuntiaret.
1324 1018 1424 1046 nam
1456 1003 1632 1046 heroine
1664 1003 1742 1045 illa

215 1074 284 1115 sat
320 1072 569 1128 designatur
605 1073 749 1115 uerbis
788 1088 827 1115 u.
862 1074 934 1129 18,
972 1076 1173 1129 amatque
1210 1074 1460 1129 Propertius
1497 1075 1542 1116 in
1580 1074 1741 1116 talibus

215 1143 356 1200 magis
395 1143 785 1187 circumscribendo
823 1145 1013 1187 indicare
1051 1160 1180 1200 quam
1218 1145 1390 1187 disertis
1421 1144 1566 1188 uerbis
1603 1144 1741 1188 nomi-

213 1230 328 1258 nare.
383 1215 455 1257 sed
489 1217 672 1271 certam,
710 1216 778 1259 cui
809 1216 855 1257 in
890 1218 1011 1257 textu
1048 1216 1190 1258 locum
1223 1216 1514 1272 adsignarem,
1548 1215 1743 1258 emenda·

213 1286 376 1329 tionem
408 1287 595 1342 reperire
625 1287 819 1330 nondum
849 1287 1034 1344 contigit
1047 1286 1102 1344 ²¹²).
1137 1311 1188 1317 —
1220 1287 1287 1329 III
1321 1288 1386 1342 17,
1417 1288 1472 1330 27
1496 1302 1574 1343 sq.:

394 1370 454 1412 Et
483 1370 566 1412 tibi
596 1385 673 1426 per
703 1370 890 1413 mediam
915 1371 1023 1413 bene
1055 1370 1217 1413 olentia
1247 1370 1427 1413 flumina
1458 1369 1625 1426 Naxon,

458 1440 583 1484 Unde
615 1444 737 1484 tuum
768 1443 923 1497 potant
951 1441 1093 1485 Naxia
1123 1441 1253 1483 turba
1282 1456 1458 1484 merum.

216 1524 337 1566 deest
368 1524 413 1566 in
450 1524 701 1567 hexametro
739 1525 938 1580 uerbum3
977 1539 1054 1584 nec
1091 1524 1198 1566 illud
1230 1524 1424 1579 ‘Naxon,
1462 1524 1573 1566 unde
1603 1523 1745 1566 Naxia

215 1595 358 1638 turba'
391 1595 639 1652 Propertius
673 1596 857 1651 scripsit.
907 1596 1020 1652 quod
1052 1595 1125 1652 qui
1157 1595 1461 1637 animaduertit
1492 1594 1546 1638 A.
1574 1594 1746 1637 Palmer

218 1666 462 1720 [Hermath.
494 1666 515 1708 I
551 1666 633 1708 162
655 1667 751 1722 sq.],
795 1667 831 1708 is
874 1666 946 1709 hic
991 1666 1162 1722 quidem
1204 1666 1385 1709 feliciter
1429 1681 1480 1708 ex
1517 1665 1744 1708 ‘mediam’

217 1738 367 1780 elicuit
397 1737 587 1793 priscum
619 1736 733 1780 Naxi
764 1751 923 1780 nomen
954 1736 1145 1794 ‘Diam’3
1183 1737 1303 1780 cuius
1341 1736 1460 1780 uocis
1491 1737 1744 1793 interpreta-

218 1811 415 1852 mentum
447 1808 633 1851 ‘Naxon'
666 1809 852 1865 primum
883 1809 1081 1851 ultimam
1107 1809 1306 1851 uoculam
1332 1807 1430 1850 sede
1456 1822 1532 1850 sua
1557 1808 1744 1851 mouisse

219 1884 262 1923 et
307 1879 458 1923 deinde
502 1880 548 1922 in
591 1882 756 1922 textum
807 1882 1028 1935 receptum
1079 1880 1210 1922 etiam
1259 1878 1580 1934 corruptionem
1627 1878 1743 1920 illius

217 1949 377 1993 ‘Diam'
411 1950 601 1993 effecisse
633 1953 748 1993 recte
781 1951 936 1993 statuit
966 1950 1090 1992 idem.
1131 1949 1204 1992 sed
1236 1965 1332 1992 cum
1363 1948 1522 1992 conicit
1552 1948 1745 1991 ‘flumina

218 2021 365 2077 saxis',
396 2021 522 2064 alteri
553 2021 661 2064 uitio
693 2036 780 2064 non
812 2022 1016 2064 medetur.
1065 2035 1202 2076 neque
1234 2020 1367 2072 enim,
1405 2018 1518 2076 quod
1548 2019 1622 2062 ille
1661 2019 1745 2062 sibi

216 2092 452 2148 persuasit,
496 2106 518 2133 e
556 2107 597 2134 u.
634 2092 691 2134 26
737 2091 1003 2135 ‘desiluisse'
1050 2091 1284 2134 adsciscere
1329 2091 1591 2147 cogitatione
1635 2090 1744 2133 licet

216 2164 361 2219 itaque
393 2163 565 2218 reposui
597 2162 797 2206 ‘flumina
826 2162 988 2219 nasci'3
1020 2165 1064 2205 et
1095 2162 1305 2205 concedas
1337 2163 1525 2218 oportet,
1563 2161 1618 2204 ob
1649 2163 1745 2203 tan-

217 2238 309 2279 tam
341 2234 666 2278 similitudinem
697 2234 780 2277 hoc
812 2233 972 2277 ‘nasci'
1005 2234 1140 2276 multo
1174 2232 1342 2275 facilius
1383 2232 1530 2289 glossa
1560 2231 1745 2275 ‘naxon'

217 2306 410 2362 potuisse
440 2306 617 2348 hauriri.

337 2389 418 2431 His
450 2390 549 2444 apte
581 2388 786 2444 adiciam,
817 2388 948 2431 etiam
979 2388 1098 2431 locos
1129 2385 1438 2444 παραλλήλους
1475 2387 1522 2429 in
1551 2386 1746 2442 margine

219 2461 458 2515 adscriptos
496 2459 711 2502 interdum
749 2459 1107 2515 deprauationum
1145 2475 1296 2503 causas
1333 2459 1466 2501 fuisse
1507 2458 1661 2514 uideri,
1698 2460 1747 2500 ut

218 2531 271 2574 ad
302 2531 345 2574 II
382 2533 423 2587 l,
455 2531 510 2574 58
550 2531 792 2586 adpositum
825 2532 846 2574 Ι
877 2532 928 2586 2,
959 2532 985 2574 8
1024 2533 1067 2573 et
1097 2530 1151 2573 ad
1182 2530 1246 2573 IV
1282 2530 1323 2586 1,
1355 2530 1409 2572 61
1450 2528 1637 2571 fortasse
1673 2527 1744 2570 ad—

218 2605 417 2646 notatum
448 2601 570 2644 ‘dura
601 2601 775 2644 corona'
808 2617 859 2644 ex
889 2601 954 2644 III
989 2602 1033 2656 1,
1063 2601 1132 2644 20.
1159 2604 1162 2606 ’
1315 2588 1322 2595 '
1747 2614 1750 2615 ⁷

315 2732 348 2777 *)
386 2741 543 2776 prauum
574 2730 633 2765 est
665 2730 765 2775 quod
796 2730 840 2765 A.
866 2729 1014 2764 Palmer
1048 2728 1255 2774 [Hermath.
1282 2727 1313 2762 V
1339 2739 1374 2772 p.
1400 2727 1486 2771 261]
1517 2725 1747 2772 excogitauit

222 2789 435 2833 ‘Iardanis’3
464 2789 642 2834 quattuor
666 2786 766 2823 enim
795 2787 1024 2834 syllabarum
1048 2786 1274 2823 uocabulum
1297 2795 1476 2831 graecum
1508 2784 1598 2820 fecit
1622 2783 1744 2830 trisyl-

218 2851 364 2894 labum,
396 2858 491 2893 quae
523 2846 677 2882 libertas
702 2846 860 2882 ultimae
883 2846 1031 2882 tantum
1069 2843 1306 2890 antiquitatis
1332 2842 1454 2890 poetis
1479 2853 1673 2879 concessa:
1699 2842 1744 2879 cf.

222 2911 262 2946 L.
290 2907 491 2944 Muellerus
517 2907 563 2943 de
588 2917 627 2942 re
653 2907 757 2943 metr.
785 2918 821 2952 p.
847 2909 928 2943 261.
