1898 3190
580 86 843 124 PROPERTII
865 86 956 124 LIB.
981 86 1011 123 1.
1037 90 1070 121 1.
1095 90 1128 122 2.
1594 84 1622 125 3

154 195 327 251 anon,
356 210 531 251 moneo,
560 196 698 238 nitate
728 195 911 238 malum:
943 210 1021 237 sua
1051 208 1262 250 quemque
1292 195 1486 236 moretm

273 266 404 322 Cura,
433 281 571 321 neque
604 269 775 309 assueto
806 268 945 308 mutet
977 280 1122 308 amore
1152 266 1306 308 locum.

213 336 336 387 Quod
367 337 404 379 si
435 337 530 392 quis
562 337 738 379 monitis
769 336 914 379 tardas
947 335 1182 378 aduerterit
1212 350 1354 391 aures,

270 406 369 450 Heu
397 406 555 449 referet
585 411 747 463 quanto
779 407 913 449 uerba
944 407 1092 449 dolore
1124 408 1237 449 mea!

822 659 884 706 ΙΙ.

183 761 323 812 ,Quid
353 763 475 805 iuuat
505 766 660 806 ornato
691 763 940 818 procedere,
970 762 1080 815 uita,
1112 761 1270 816 capillo

268 834 328 876 Et
356 836 508 877 tenues
539 833 628 876 Coa
659 836 780 877 ueste
811 847 984 876 mouere
1017 833 1153 886 sinus,

209 904 301 946 Aut
330 904 432 960 quid
463 904 653 947 Orontea
684 905 822 947 crines
853 903 1107 959 perfundere
1139 917 1305 957 murra,

243 968 252 975 ⁴
268 974 411 1030 Teque
442 975 679 1031 peregrinis
710 966 895 1017 uendere
925 973 1192 1027 muneribus,

172 1045 484 1102 5Naturaeque
515 1045 642 1088 decus
674 1049 864 1088 mercato
895 1046 1075 1101 perdere
1106 1045 1242 1099 cultu,

265 1115 357 1159 Nec
388 1117 526 1159 sinere
556 1117 602 1158 in
632 1117 818 1172 propriis
850 1116 1044 1159 membra
1074 1116 1212 1158 nitere
1245 1114 1402 1157 bonis?

206 1186 342 1230 Crede
373 1187 500 1243 mihi,
529 1202 618 1230 non
648 1188 739 1229 ulla
769 1191 870 1230 tuae
902 1190 968 1230 est
998 1187 1208 1229 medicina
1238 1186 1418 1241 figurae:

264 1257 417 1300 Nudus
450 1258 587 1300 Amor
616 1259 781 1301 formae
810 1273 898 1301 non
930 1260 1049 1300 amat
1079 1257 1300 1300 artificem.

207 1329 385 1384 Aspice,
416 1344 522 1384 quos
555 1330 799 1372 summittat
828 1329 985 1370 humus
1017 1329 1197 1371 dumosa
1228 1328 1410 1383 colores,

150 1411 194 1443 10
265 1399 328 1443 Ut
356 1401 534 1443 ueniant
562 1401 746 1443 hederae
777 1402 929 1456 sponte
962 1415 1040 1442 sua
1071 1400 1243 1453 melius,

210 1469 369 1528 Surgat
398 1475 443 1514 et
471 1472 516 1514 in
548 1473 652 1514 solis
684 1472 917 1514 formosius
950 1472 1128 1514 arbutus
1161 1471 1315 1523 antris,

263 1541 324 1583 Et
353 1543 463 1584 sciat
491 1543 698 1586 indociles
731 1557 901 1585 currere
931 1542 1111 1597 lympha
1141 1542 1249 1583 uias.

205 1611 354 1655 Litora
383 1614 544 1655 natiuis
574 1613 850 1669 praefulgent
880 1613 997 1667 picta
1027 1612 1207 1667 lapillis,

262 1682 324 1725 Et
352 1683 549 1726 uolucres
579 1684 698 1726 nulla
729 1683 895 1726 dulcius
928 1685 1019 1725 arte
1051 1684 1222 1724 canunt.

147 1764 192 1796 15
207 1753 309 1797 Non
340 1755 402 1797 sic
430 1754 660 1810 Leucippis
693 1754 912 1797 succendit
944 1752 1127 1796 Castora
1158 1751 1353 1807 Phoebe,

261 1824 480 1867 Pollucem
511 1825 630 1867 cultu
659 1839 750 1867 non
779 1823 950 1866 Hilaira
981 1838 1121 1878 soror,

180 1928 273 1966 Vn.
298 1941 397 1966 nnc-r.
447 1932 492 1964 35
517 1929 639 1964 uitare
663 1933 691 1963 P
725 1930 739 1974 ΙΙ
776 1933 821 1965 36
846 1939 915 1964 nec
940 1932 968 1962 F
995 1930 1001 1974 Ι
1028 1927 1170 1974 locum]
1195 1938 1334 1963 nouum
1362 1927 1614 1963 Marklandus

179 1987 224 2024 11.
272 1987 386 2023 Noua
404 1989 517 2033 eleyia
535 1988 577 2023 in
596 1991 639 2031 ⁰3
665 1988 712 2023 ad
732 1988 914 2023 cinthiam
931 1991 978 2032 F,
1003 1987 1052 2023 ad
1071 1986 1261 2032 cynthiam
1279 1989 1327 2030 A,
1353 1986 1401 2021 ad
1421 1987 1612 2031 cynthiam

87 2045 247 2082 amicam
270 2049 302 2080 V
324 2047 532 2082 inscribunt
560 2048 574 2092 1]
611 2051 630 2082 1
656 2046 795 2089 ui{ta
818 2050 849 2080 V
874 2046 955 2082 uita
978 2049 1027 2081 B:
1052 2045 1151 2081 uitta
1175 2048 1206 2079 A
1230 2044 1333 2080 uicta
1356 2048 1384 2079 Β
1421 2047 1433 2090 ΙΙ
1469 2050 1490 2081 2
1517 2046 1613 2082 choa

84 2107 130 2150 0,
154 2115 246 2141 corr.
270 2108 302 2140 V
324 2116 371 2141 m.
391 2107 417 2140 2
442 2106 563 2150 (etiam
587 2106 629 2140 in
646 2109 678 2140 Π
697 2106 722 2140 h
748 2108 931 2150 eoepwncta
949 2117 994 2140 m.
1015 2106 1083 2150 1)11
1107 2108 1129 2139 3
1153 2103 1260 2150 quid]
1282 2115 1319 2148 q3
1344 2108 1372 2138 F
1396 2115 1441 2140 m.
1462 2109 1482 2140 1
1510 2106 1610 2150 quod

86 2167 119 2199 Π
140 2174 187 2200 m.
212 2166 234 2199 1
257 2165 263 2209 Ι
284 2164 466 2200 oronthea
489 2167 603 2198 ΔΕΗ
624 2167 630 2210 Ι
651 2175 777 2200 murra
800 2168 833 2198 11
858 2165 896 2210 (h
920 2175 966 2200 m.
992 2168 1018 2200 2
1043 2164 1262 2209 suprascr.):
1294 2174 1418 2208 myrra
1443 2168 1473 2199 V
1497 2165 1613 2200 mirra

85 2222 225 2268 Arl'l
249 2223 317 2258 tua
340 2223 545 2266 estA113
571 2222 877 2268 extuaest2118
902 2223 1031 2258 Nudus
1057 2223 1253 2258 exNunus
1273 2233 1364 2258 corr.
1384 2222 1432 2269 1¹1
1451 2222 1610 2259 formam
1656 2226 1666 2241 '

85 2281 180 2316 coni.
205 2281 385 2317 Heinsius
401 2283 415 2327 ΙΙ
433 2286 454 2317 9
479 2293 571 2327 quos
598 2285 641 2317 0:
667 2284 759 2327 quot
783 2292 805 2320 ς
826 2283 832 2328 Ι
854 2283 1065 2318 summittat
1090 2286 1115 2317 0
1141 2283 1230 2328 (nisi
1253 2283 1350 2328 quod
1374 2281 1530 2318 sumitat
1547 2284 1609 2327 1²):

84 2339 286 2376 summittit
309 2351 331 2378 ς
352 2342 359 2386 Ι
380 2340 537 2376 dumosa
556 2340 600 2376 G.
623 2340 665 2377 T.
685 2340 872 2387 Swrinqar
895 2345 929 2376 et
952 2352 1013 2387 eqo
1033 2342 1158 2386 (Μίδα.
1180 2341 1270 2377 Orit.
1284 2351 1323 2385 p.
1346 2342 1422 2385 71):
1447 2340 1610 2377 formosa

84 2402 110 2433 0
132 2409 331 2436 nemorosa
349 2399 528 2435 Heinsius
552 2410 724 2435 muscosa
740 2399 889 2435 Keilius
912 2411 985 2436 non
1011 2400 1113 2435 iussa
1130 2399 1425 2435 Sandstroemins
1448 2401 1462 2445 ss
1491 2404 1535 2435 10
1560 2400 1610 2435 Ut

0 2493 8 2502 ,
83 2458 196 2494 Itali:
220 2458 271 2495 Et
295 2461 320 2492 0
357 2460 370 2503 Ι]
407 2462 448 2493 11
475 2458 685 2494 frondosior
708 2459 799 2495 coni.
825 2459 1031 2503 Emathias,
1057 2458 1203 2494 felicius
1228 2458 1490 2494 Lachmamms
1520 2460 1534 2504 11
1565 2462 1608 2494 12

80 2515 122 2553 in
145 2517 286 2554 dociles
310 2521 341 2551 V
361 2521 367 2563 Ι
388 2517 533 2564 limpha
556 2520 587 2552 A
605 2521 633 2551 r
651 2519 713 2563 1111
733 2521 776 2553 13
800 2518 1041 2564 praefulgent
1063 2518 1195 2563 scripsi
1202 2531 1214 2552 .-
1237 2518 1466 2564 persuadent
1492 2521 1517 2551 0
1545 2518 1606 2563 (al.

80 2574 285 2621 pertendant
307 2579 339 2610 V
375 2587 444 2622 my.
475 2586 521 2611 m.
554 2577 614 2621 2),
651 2576 837 2612 collucent
861 2587 884 2615 ς
919 2588 987 2623 per
1022 2588 1061 2613 se
1098 2577 1190 2613 dant
1219 2577 1384 2622 Scaliger
1419 2576 1610 2622 perrident

82 2633 261 2670 Heinsius
284 2635 501 2681 praelucent
524 2635 784 2682 Hertzberyius
818 2637 832 2682 ΙΙ
868 2640 913 2672 14
943 2637 1002 2673 hic
1025 2637 1159 2682 incipit
1181 2641 1210 2671 1)
1232 2636 1238 2683 1
1261 2636 1397 2672 canant
1420 2638 1451 2668 V
1475 2647 1519 2670 m.
1545 2637 1572 2670 2
1595 2635 1608 2681 ΙΙ

18 2727 23 2731 .
83 2695 128 2728 16
151 2693 319 2739 leucupis
342 2696 375 2728 A
402 2694 551 2741 'phebe
575 2697 606 2728 A
623 2698 670 2740 P,
694 2697 727 2730 et
750 2698 781 2729 V
805 2706 851 2731 m.
876 2699 917 2739 1,
941 2695 1111 2741 phoebae
1135 2699 1167 2730 Π
1190 2696 1204 2740 n
1235 2700 1277 2731 16
1301 2693 1410 2730 ilaira
1434 2697 1466 2727 Π
1490 2705 1535 2730 m.
1562 2697 1605 2729 2:

81 2751 700 2799 tehiraAr(sselairarm.2)
726 2753 986 2790 talax-ianm.
1012 2758 1032 2789 1
1059 2754 1402 2796 thelairaDV(in
1432 2753 1533 2788 hoci
1565 2753 1607 2788 in

81 2811 237 2854 ymrr.)

1274 2870 1321 2906 1*
