<?xml version="1.0" encoding="UTF-8"?>
<!DOCTYPE html PUBLIC "-//W3C//DTD XHTML 1.0 Transitional//EN"
    "http://www.w3.org/TR/xhtml1/DTD/xhtml1-transitional.dtd">
<html xmlns="http://www.w3.org/1999/xhtml" xml:lang="en" lang="en">
 <head>
  <title>
</title>
<meta http-equiv="Content-Type" content="text/html;charset=utf-8" />
  <meta name='ocr-system' content='tesseract 3.04.00' />
  <meta name='ocr-capabilities' content='ocr_page ocr_carea ocr_par ocr_line ocrx_word'/>
</head>
<body>
  <div class='ocr_page' id='page_1' title='image "./elegiarumlibrir00propuoft_0073.png"; bbox 0 0 1898 3190; ppageno 0'>
   <div class='ocr_carea' id='block_1_1' title="bbox 644 142 1661 201">
    <p class='ocr_par' dir='ltr' id='par_1_1' title="bbox 644 142 1661 201">
     <span class='ocr_line' id='line_1_1' title="bbox 644 142 1661 201; baseline 0.003 -3"><span class='ocrx_word' id='word_1_1' title='bbox 644 161 907 199; x_wconf 79' lang='lat' dir='ltr'>PROPERTII</span> <span class='ocrx_word' id='word_1_2' title='bbox 929 161 1020 197; x_wconf 77' lang='lat' dir='ltr'><strong>ms.</strong></span> <span class='ocrx_word' id='word_1_3' title='bbox 1045 161 1074 198; x_wconf 89' lang='lat'><strong>1.</strong></span> <span class='ocrx_word' id='word_1_4' title='bbox 1100 165 1133 197; x_wconf 79' lang='lat' dir='ltr'><strong>s.</strong></span> <span class='ocrx_word' id='word_1_5' title='bbox 1607 142 1661 201; x_wconf 64' lang='lat'><strong>13</strong></span> 
     </span>
    </p>
   </div>
   <div class='ocr_carea' id='block_1_2' title="bbox 197 270 1450 1248">
    <p class='ocr_par' dir='ltr' id='par_1_2' title="bbox 197 270 1450 1248">
     <span class='ocr_line' id='line_1_2' title="bbox 254 270 1372 326; baseline -0.002 -13"><span class='ocrx_word' id='word_1_6' title='bbox 254 270 348 313; x_wconf 87' lang='lat' dir='ltr'><strong>Aut</strong></span> <span class='ocrx_word' id='word_1_7' title='bbox 377 284 458 326; x_wconf 84' lang='lat' dir='ltr'><strong>ego</strong></span> <span class='ocrx_word' id='word_1_8' title='bbox 488 271 576 314; x_wconf 85' lang='lat' dir='ltr'><strong>iam</strong></span> <span class='ocrx_word' id='word_1_9' title='bbox 607 271 776 315; x_wconf 79' lang='lat' dir='ltr'><strong>uideam</strong></span> <span class='ocrx_word' id='word_1_10' title='bbox 807 273 917 315; x_wconf 86' lang='lat' dir='ltr'><strong>tales</strong></span> <span class='ocrx_word' id='word_1_11' title='bbox 949 270 1168 314; x_wconf 80' lang='lat' dir='ltr'>subsidere</span> <span class='ocrx_word' id='word_1_12' title='bbox 1198 271 1372 324; x_wconf 85' lang='lat' dir='ltr'><strong>uentos,</strong></span> 
     </span>
     <span class='ocr_line' id='line_1_3' title="bbox 315 340 1282 399; baseline -0.002 -15"><span class='ocrx_word' id='word_1_13' title='bbox 315 340 423 384; x_wconf 85' lang='lat' dir='ltr'><strong>Cum</strong></span> <span class='ocrx_word' id='word_1_14' title='bbox 453 343 538 385; x_wconf 89' lang='lat' dir='ltr'><strong>tibi</strong></span> <span class='ocrx_word' id='word_1_15' title='bbox 567 346 794 399; x_wconf 82' lang='lat' dir='ltr'><strong>prouectas</strong></span> <span class='ocrx_word' id='word_1_16' title='bbox 826 343 991 385; x_wconf 75' lang='lat' dir='ltr'><strong>auferet</strong></span> <span class='ocrx_word' id='word_1_17' title='bbox 1020 341 1137 384; x_wconf 90' lang='lat' dir='ltr'><strong>unda</strong></span> <span class='ocrx_word' id='word_1_18' title='bbox 1166 342 1282 382; x_wconf 89' lang='lat' dir='ltr'><strong>rates</strong></span> 
     </span>
     <span class='ocr_line' id='line_1_4' title="bbox 198 402 1202 469; baseline -0.001 -15"><span class='ocrx_word' id='word_1_19' title='bbox 198 422 242 454; x_wconf 88' lang='lat'><strong>15</strong></span> <span class='ocrx_word' id='word_1_20' title='bbox 254 411 315 454; x_wconf 86' lang='lat' dir='ltr'><strong>Et</strong></span> <span class='ocrx_word' id='word_1_21' title='bbox 330 402 412 455; x_wconf 29' lang='lat' dir='ltr'><strong>⁷me</strong></span> <span class='ocrx_word' id='word_1_22' title='bbox 443 413 627 456; x_wconf 85' lang='lat' dir='ltr'><strong>defixum</strong></span> <span class='ocrx_word' id='word_1_23' title='bbox 658 429 798 457; x_wconf 89' lang='lat' dir='ltr'><strong>uacua</strong></span> <span class='ocrx_word' id='word_1_24' title='bbox 826 414 1017 469; x_wconf 87' lang='lat' dir='ltr'><strong>patietur</strong></span> <span class='ocrx_word' id='word_1_25' title='bbox 1047 413 1093 454; x_wconf 89' lang='lat' dir='ltr'><strong>in</strong></span> <span class='ocrx_word' id='word_1_26' title='bbox 1124 426 1202 454; x_wconf 91' lang='lat' dir='ltr'><strong>ora</strong></span> 
     </span>
     <span class='ocr_line' id='line_1_5' title="bbox 317 481 1253 539; baseline -0.002 -14"><span class='ocrx_word' id='word_1_27' title='bbox 317 481 542 526; x_wconf 84' lang='lat' dir='ltr'>Crudelem</span> <span class='ocrx_word' id='word_1_28' title='bbox 572 484 732 527; x_wconf 85' lang='lat' dir='ltr'><strong>infesta</strong></span> <span class='ocrx_word' id='word_1_29' title='bbox 762 498 890 539; x_wconf 89' lang='lat' dir='ltr'><strong>saepe</strong></span> <span class='ocrx_word' id='word_1_30' title='bbox 919 497 1074 526; x_wconf 85' lang='lat' dir='ltr'><strong>uocare</strong></span> <span class='ocrx_word' id='word_1_31' title='bbox 1106 481 1253 524; x_wconf 85' lang='lat' dir='ltr'><strong>manu!</strong></span> 
     </span>
     <span class='ocr_line' id='line_1_6' title="bbox 256 551 1450 611; baseline -0.003 -14"><span class='ocrx_word' id='word_1_32' title='bbox 256 552 339 597; x_wconf 85' lang='lat' dir='ltr'><strong>Sed</strong></span> <span class='ocrx_word' id='word_1_33' title='bbox 370 569 639 611; x_wconf 85' lang='lat' dir='ltr'><strong>quocumque</strong></span> <span class='ocrx_word' id='word_1_34' title='bbox 669 554 798 597; x_wconf 91' lang='lat' dir='ltr'><strong>modo</strong></span> <span class='ocrx_word' id='word_1_35' title='bbox 830 553 882 596; x_wconf 91' lang='lat' dir='ltr'><strong>de</strong></span> <span class='ocrx_word' id='word_1_36' title='bbox 912 568 1001 608; x_wconf 91' lang='lat' dir='ltr'><strong>me,</strong></span> <span class='ocrx_word' id='word_1_37' title='bbox 1031 552 1225 608; x_wconf 85' lang='lat' dir='ltr'><strong>periura,</strong></span> <span class='ocrx_word' id='word_1_38' title='bbox 1255 551 1450 607; x_wconf 88' lang='lat' dir='ltr'><strong>mereris,</strong></span> 
     </span>
     <span class='ocr_line' id='line_1_7' title="bbox 315 622 1155 683; baseline -0.002 -15"><span class='ocrx_word' id='word_1_39' title='bbox 315 624 383 668; x_wconf 88' lang='lat' dir='ltr'><strong>Sit</strong></span> <span class='ocrx_word' id='word_1_40' title='bbox 413 625 603 683; x_wconf 30' lang='lat' dir='ltr'><strong>Galatea·</strong></span> <span class='ocrx_word' id='word_1_41' title='bbox 623 628 723 668; x_wconf 88' lang='lat' dir='ltr'><strong>tuae</strong></span> <span class='ocrx_word' id='word_1_42' title='bbox 751 622 841 668; x_wconf 89' lang='lat' dir='ltr'><strong>non</strong></span> <span class='ocrx_word' id='word_1_43' title='bbox 872 625 1012 668; x_wconf 89' lang='lat' dir='ltr'><strong>aliena</strong></span> <span class='ocrx_word' id='word_1_44' title='bbox 1041 624 1155 667; x_wconf 83' lang='lat' dir='ltr'><strong>viae:</strong></span> 
     </span>
     <span class='ocr_line' id='line_1_8' title="bbox 257 695 1207 753; baseline -0.002 -14"><span class='ocrx_word' id='word_1_45' title='bbox 257 696 390 739; x_wconf 88' lang='lat' dir='ltr'><strong>Utere</strong></span> <span class='ocrx_word' id='word_1_46' title='bbox 419 697 534 740; x_wconf 88' lang='lat' dir='ltr'><strong>felici</strong></span> <span class='ocrx_word' id='word_1_47' title='bbox 564 699 792 753; x_wconf 83' lang='lat' dir='ltr'><strong>praeuecta</strong></span> <span class='ocrx_word' id='word_1_48' title='bbox 823 695 1036 739; x_wconf 82' lang='lat' dir='ltr'><strong>Ceraunia</strong></span> <span class='ocrx_word' id='word_1_49' title='bbox 1065 710 1207 750; x_wconf 85' lang='lat' dir='ltr'><strong>rem0‚</strong></span> 
     </span>
     <span class='ocr_line' id='line_1_9' title="bbox 197 766 1208 824; baseline -0.002 -14"><span class='ocrx_word' id='word_1_50' title='bbox 197 778 243 810; x_wconf 80' lang='lat'><strong>20</strong></span> <span class='ocrx_word' id='word_1_51' title='bbox 314 767 515 824; x_wconf 73' lang='lat' dir='ltr'><strong>Accipiat</strong></span> <span class='ocrx_word' id='word_1_52' title='bbox 545 767 724 823; x_wconf 87' lang='lat' dir='ltr'><strong>placidis</strong></span> <span class='ocrx_word' id='word_1_53' title='bbox 756 767 906 810; x_wconf 84' lang='lat' dir='ltr'><strong>Oricos</strong></span> <span class='ocrx_word' id='word_1_54' title='bbox 938 766 1208 823; x_wconf 85' lang='lat' dir='ltr'><strong>aequoribus.</strong></span> 
     </span>
     <span class='ocr_line' id='line_1_10' title="bbox 221 828 1449 894; baseline -0.003 -12"><span class='ocrx_word' id='word_1_55' title='bbox 221 828 227 833; x_wconf 47' lang='lat'><strong>⁴</strong></span> <span class='ocrx_word' id='word_1_56' title='bbox 254 838 370 882; x_wconf 83' lang='lat' dir='ltr'><strong>Nam</strong></span> <span class='ocrx_word' id='word_1_57' title='bbox 401 855 470 882; x_wconf 89' lang='lat' dir='ltr'><strong>me</strong></span> <span class='ocrx_word' id='word_1_58' title='bbox 500 855 590 882; x_wconf 89' lang='lat' dir='ltr'><strong>non</strong></span> <span class='ocrx_word' id='word_1_59' title='bbox 619 839 734 882; x_wconf 87' lang='lat' dir='ltr'><strong>ullae</strong></span> <span class='ocrx_word' id='word_1_60' title='bbox 765 841 970 894; x_wconf 87' lang='lat' dir='ltr'><strong>poterunt</strong></span> <span class='ocrx_word' id='word_1_61' title='bbox 1001 851 1293 893; x_wconf 88' lang='lat' dir='ltr'><strong>corrumpere,</strong></span> <span class='ocrx_word' id='word_1_62' title='bbox 1323 837 1375 879; x_wconf 92' lang='lat' dir='ltr'><strong>de</strong></span> <span class='ocrx_word' id='word_1_63' title='bbox 1405 839 1449 878; x_wconf 91' lang='lat' dir='ltr'><strong>te</strong></span> 
     </span>
     <span class='ocr_line' id='line_1_11' title="bbox 315 909 1264 966; baseline -0.002 -14"><span class='ocrx_word' id='word_1_64' title='bbox 315 909 429 959; x_wconf 83' lang='lat' dir='ltr'><strong>Quin</strong></span> <span class='ocrx_word' id='word_1_65' title='bbox 460 912 614 966; x_wconf 85' lang='lat' dir='ltr'><strong>arguta</strong></span> <span class='ocrx_word' id='word_1_66' title='bbox 643 912 720 952; x_wconf 90' lang='lat' dir='ltr'><strong>tuo</strong></span> <span class='ocrx_word' id='word_1_67' title='bbox 750 909 898 952; x_wconf 89' lang='lat' dir='ltr'><strong>limine</strong></span> <span class='ocrx_word' id='word_1_68' title='bbox 928 909 1062 951; x_wconf 89' lang='lat' dir='ltr'><strong>uerba</strong></span> <span class='ocrx_word' id='word_1_69' title='bbox 1093 923 1264 964; x_wconf 83' lang='lat' dir='ltr'><strong>querar3</strong></span> 
     </span>
     <span class='ocr_line' id='line_1_12' title="bbox 256 979 1262 1036; baseline -0.002 -13"><span class='ocrx_word' id='word_1_70' title='bbox 256 979 349 1023; x_wconf 86' lang='lat' dir='ltr'><strong>Nee</strong></span> <span class='ocrx_word' id='word_1_71' title='bbox 378 995 447 1023; x_wconf 89' lang='lat' dir='ltr'><strong>me</strong></span> <span class='ocrx_word' id='word_1_72' title='bbox 479 980 648 1033; x_wconf 56' lang='lat' dir='ltr'><strong>definiet</strong></span> <span class='ocrx_word' id='word_1_73' title='bbox 676 983 835 1023; x_wconf 78' lang='lat' dir='ltr'><strong>nautas</strong></span> <span class='ocrx_word' id='word_1_74' title='bbox 866 980 1057 1036; x_wconf 86' lang='lat' dir='ltr'><strong>rogitare</strong></span> <span class='ocrx_word' id='word_1_75' title='bbox 1089 979 1262 1022; x_wconf 85' lang='lat' dir='ltr'><strong>citatos:</strong></span> 
     </span>
     <span class='ocr_line' id='line_1_13' title="bbox 317 1050 1396 1108; baseline -0.002 -14"><span class='ocrx_word' id='word_1_76' title='bbox 317 1051 497 1108; x_wconf 80' lang='lat' dir='ltr'><strong>‘Dicite‚</strong></span> <span class='ocrx_word' id='word_1_77' title='bbox 528 1066 611 1107; x_wconf 92' lang='lat' dir='ltr'><strong>quo</strong></span> <span class='ocrx_word' id='word_1_78' title='bbox 642 1054 772 1106; x_wconf 89' lang='lat' dir='ltr'><strong>portu</strong></span> <span class='ocrx_word' id='word_1_79' title='bbox 802 1051 948 1093; x_wconf 86' lang='lat' dir='ltr'><strong>clausa</strong></span> <span class='ocrx_word' id='word_1_80' title='bbox 978 1051 1123 1105; x_wconf 89' lang='lat' dir='ltr'><strong>puella</strong></span> <span class='ocrx_word' id='word_1_81' title='bbox 1153 1065 1250 1092; x_wconf 86' lang='lat' dir='ltr'><strong>mea</strong></span> <span class='ocrx_word' id='word_1_82' title='bbox 1280 1050 1396 1093; x_wconf 82' lang='lat' dir='ltr'><strong>est‘?’</strong></span> 
     </span>
     <span class='ocr_line' id='line_1_14' title="bbox 199 1122 1314 1166; baseline -0.002 -1"><span class='ocrx_word' id='word_1_83' title='bbox 199 1133 245 1165; x_wconf 83' lang='lat'><strong>25</strong></span> <span class='ocrx_word' id='word_1_84' title='bbox 258 1122 319 1165; x_wconf 86' lang='lat' dir='ltr'><strong>Et</strong></span> <span class='ocrx_word' id='word_1_85' title='bbox 348 1122 485 1165; x_wconf 89' lang='lat' dir='ltr'><strong>dicam</strong></span> <span class='ocrx_word' id='word_1_86' title='bbox 517 1122 643 1166; x_wconf 74' lang='lat' dir='ltr'><strong>‘licet</strong></span> <span class='ocrx_word' id='word_1_87' title='bbox 672 1122 893 1164; x_wconf 88' lang='lat' dir='ltr'><strong>Autaricis</strong></span> <span class='ocrx_word' id='word_1_88' title='bbox 925 1122 1123 1164; x_wconf 84' lang='lat' dir='ltr'><strong>considat</strong></span> <span class='ocrx_word' id='word_1_89' title='bbox 1151 1122 1197 1163; x_wconf 87' lang='lat' dir='ltr'><strong>in</strong></span> <span class='ocrx_word' id='word_1_90' title='bbox 1228 1122 1314 1164; x_wconf 88' lang='lat' dir='ltr'><strong>oris</strong></span> 
     </span>
     <span class='ocr_line' id='line_1_15' title="bbox 314 1192 1257 1248; baseline -0.001 -13"><span class='ocrx_word' id='word_1_91' title='bbox 314 1192 375 1235; x_wconf 87' lang='lat' dir='ltr'><strong>Et</strong></span> <span class='ocrx_word' id='word_1_92' title='bbox 403 1193 505 1235; x_wconf 89' lang='lat' dir='ltr'><strong>licet</strong></span> <span class='ocrx_word' id='word_1_93' title='bbox 534 1193 725 1248; x_wconf 85' lang='lat' dir='ltr'><strong>Hylleis:</strong></span> <span class='ocrx_word' id='word_1_94' title='bbox 756 1193 832 1234; x_wconf 81' lang='lat' dir='ltr'><strong>illa</strong></span> <span class='ocrx_word' id='word_1_95' title='bbox 860 1192 1007 1235; x_wconf 89' lang='lat' dir='ltr'><strong>futura</strong></span> <span class='ocrx_word' id='word_1_96' title='bbox 1038 1207 1134 1235; x_wconf 89' lang='lat' dir='ltr'><strong>mea</strong></span> <span class='ocrx_word' id='word_1_97' title='bbox 1165 1192 1257 1235; x_wconf 67' lang='lat' dir='ltr'><strong>est?</strong></span> 
     </span>
    </p>
   </div>
   <div class='ocr_carea' id='block_1_3' title="bbox 758 1312 1041 1316">
    <p class='ocr_par' dir='ltr' id='par_1_3' title="bbox 758 1312 1041 1316">
     <span class='ocr_line' id='line_1_16' title="bbox 758 1312 1041 1316; baseline 0 0"><span class='ocrx_word' id='word_1_98' title='bbox 758 1312 1041 1316; x_wconf 95' lang='lat' dir='ltr'><strong> </strong></span> 
     </span>
    </p>
   </div>
   <div class='ocr_carea' id='block_1_4' title="bbox 138 1371 421 1376">
    <p class='ocr_par' dir='ltr' id='par_1_4' title="bbox 138 1371 421 1376">
     <span class='ocr_line' id='line_1_17' title="bbox 138 1371 421 1376; baseline 0 0"><span class='ocrx_word' id='word_1_99' title='bbox 138 1371 421 1376; x_wconf 95' lang='lat' dir='ltr'><strong> </strong></span> 
     </span>
    </p>
   </div>
   <div class='ocr_carea' id='block_1_5' title="bbox 0 1427 1666 1710">
    <p class='ocr_par' dir='ltr' id='par_1_5' title="bbox 0 1427 1666 1710">
     <span class='ocr_line' id='line_1_18' title="bbox 0 1427 1665 1474; baseline 0 -10"><span class='ocrx_word' id='word_1_100' title='bbox 0 1466 5 1473; x_wconf 60' lang='grc'><strong>,</strong></span> <span class='ocrx_word' id='word_1_101' title='bbox 234 1427 325 1464; x_wconf 68' lang='lat' dir='ltr'><strong>Vm.</strong></span> <span class='ocrx_word' id='word_1_102' title='bbox 349 1441 447 1463; x_wconf 70' lang='lat' dir='ltr'><strong>an&#39;r.</strong></span> <span class='ocrx_word' id='word_1_103' title='bbox 499 1431 543 1462; x_wconf 89' lang='lat'><strong>13</strong></span> <span class='ocrx_word' id='word_1_104' title='bbox 569 1428 646 1462; x_wconf 86' lang='lat' dir='ltr'><strong>Aut</strong></span> <span class='ocrx_word' id='word_1_105' title='bbox 663 1437 704 1471; x_wconf 87' lang='grc' dir='ltr'><strong>ς,</strong></span> <span class='ocrx_word' id='word_1_106' title='bbox 729 1427 957 1463; x_wconf 76' lang='lat' dir='ltr'><strong>Huschkius:</strong></span> <span class='ocrx_word' id='word_1_107' title='bbox 983 1428 1107 1472; x_wconf 85' lang='lat' dir='ltr'><strong>Atque</strong></span> <span class='ocrx_word' id='word_1_108' title='bbox 1133 1430 1157 1461; x_wconf 90' lang='grc'><strong>0</strong></span> <span class='ocrx_word' id='word_1_109' title='bbox 1180 1428 1182 1473; x_wconf 53' lang='lat' dir='ltr'>ss</span> <span class='ocrx_word' id='word_1_110' title='bbox 1206 1427 1282 1463; x_wconf 84' lang='lat' dir='ltr'><strong>iam</strong></span> <span class='ocrx_word' id='word_1_111' title='bbox 1307 1429 1379 1474; x_wconf 83' lang='lat' dir='ltr'><strong>(uel</strong></span> <span class='ocrx_word' id='word_1_112' title='bbox 1397 1429 1492 1474; x_wconf 89' lang='lat' dir='ltr'><strong>tum)</strong></span> <span class='ocrx_word' id='word_1_113' title='bbox 1516 1429 1665 1474; x_wconf 79' lang='lat' dir='ltr'><strong>scripsi:</strong></span> 
     </span>
     <span class='ocr_line' id='line_1_19' title="bbox 0 1479 1665 1549; baseline 0.001 -27"><span class='ocrx_word' id='word_1_114' title='bbox 0 1479 12 1549; x_wconf 59' lang='grc' dir='ltr'>ἱ</span> <span class='ocrx_word' id='word_1_115' title='bbox 142 1499 218 1524; x_wconf 91' lang='lat' dir='ltr'><strong>non</strong></span> <span class='ocrx_word' id='word_1_116' title='bbox 243 1490 288 1531; x_wconf 78' lang='lat'><strong>⁰3</strong></span> <span class='ocrx_word' id='word_1_117' title='bbox 310 1490 352 1524; x_wconf 92' lang='lat' dir='ltr'><strong>at</strong></span> <span class='ocrx_word' id='word_1_118' title='bbox 375 1485 471 1522; x_wconf 84' lang='lat' dir='ltr'><strong>tales</strong></span> <span class='ocrx_word' id='word_1_119' title='bbox 490 1486 594 1521; x_wconf 84' lang='lat' dir='ltr'><strong>uenti</strong></span> <span class='ocrx_word' id='word_1_120' title='bbox 611 1489 699 1522; x_wconf 74' lang='lat' dir='ltr'><strong>stmt</strong></span> <span class='ocrx_word' id='word_1_121' title='bbox 717 1487 785 1522; x_wconf 85' lang='lat' dir='ltr'><strong>illa</strong></span> <span class='ocrx_word' id='word_1_122' title='bbox 802 1485 956 1522; x_wconf 80' lang='lat' dir='ltr'><strong>inimica</strong></span> <span class='ocrx_word' id='word_1_123' title='bbox 976 1497 1067 1522; x_wconf 87' lang='lat' dir='ltr'><strong>aura</strong></span> <span class='ocrx_word' id='word_1_124' title='bbox 1087 1487 1094 1532; x_wconf 98' lang='grc' dir='ltr'>Ι</span> <span class='ocrx_word' id='word_1_125' title='bbox 1116 1486 1264 1522; x_wconf 83' lang='lat' dir='ltr'><strong>subdite</strong></span> <span class='ocrx_word' id='word_1_126' title='bbox 1284 1491 1329 1532; x_wconf 78' lang='lat' dir='ltr'><strong>F,</strong></span> <span class='ocrx_word' id='word_1_127' title='bbox 1354 1488 1397 1523; x_wconf 78' lang='lat' dir='ltr'><strong>in</strong></span> <span class='ocrx_word' id='word_1_128' title='bbox 1421 1488 1526 1523; x_wconf 81' lang='lat' dir='ltr'><strong>cuius</strong></span> <span class='ocrx_word' id='word_1_129' title='bbox 1549 1499 1665 1533; x_wconf 84' lang='lat' dir='ltr'><strong>mary.</strong></span> 
     </span>
     <span class='ocr_line' id='line_1_20' title="bbox 0 1545 1666 1592; baseline 0 -9"><span class='ocrx_word' id='word_1_130' title='bbox 0 1551 10 1558; x_wconf 73' lang='grc'><strong>·’</strong></span> <span class='ocrx_word' id='word_1_131' title='bbox 139 1559 187 1583; x_wconf 79' lang='lat' dir='ltr'><strong>m.</strong></span> <span class='ocrx_word' id='word_1_132' title='bbox 211 1549 238 1583; x_wconf 87' lang='grc'><em>2</em></span> <span class='ocrx_word' id='word_1_133' title='bbox 262 1547 332 1583; x_wconf 77' lang='lat' dir='ltr'><strong>sub</strong></span> <span class='ocrx_word' id='word_1_134' title='bbox 356 1546 476 1581; x_wconf 88' lang='lat' dir='ltr'><strong>sidere</strong></span> <span class='ocrx_word' id='word_1_135' title='bbox 501 1546 624 1590; x_wconf 84' lang='lat' dir='ltr'><strong>(etiam</strong></span> <span class='ocrx_word' id='word_1_136' title='bbox 647 1549 679 1579; x_wconf 99' lang='lat' dir='ltr'><strong>V</strong></span> <span class='ocrx_word' id='word_1_137' title='bbox 702 1557 771 1592; x_wconf 87' lang='lat' dir='ltr'><strong>my.</strong></span> <span class='ocrx_word' id='word_1_138' title='bbox 796 1558 842 1583; x_wconf 85' lang='lat' dir='ltr'><strong>m.</strong></span> <span class='ocrx_word' id='word_1_139' title='bbox 868 1548 894 1582; x_wconf 84' lang='lat'><strong><em>2</em></strong></span> <span class='ocrx_word' id='word_1_140' title='bbox 919 1545 987 1581; x_wconf 84' lang='lat' dir='ltr'><strong>sub</strong></span> <span class='ocrx_word' id='word_1_141' title='bbox 1019 1546 1148 1591; x_wconf 78' lang='lat' dir='ltr'><strong>sydere</strong></span> <span class='ocrx_word' id='word_1_142' title='bbox 1178 1546 1313 1591; x_wconf 78' lang='lat' dir='ltr'><strong>habet);</strong></span> <span class='ocrx_word' id='word_1_143' title='bbox 1345 1546 1418 1582; x_wconf 91' lang='lat' dir='ltr'><strong>tali</strong></span> <span class='ocrx_word' id='word_1_144' title='bbox 1448 1547 1515 1582; x_wconf 92' lang='lat' dir='ltr'><strong>sub</strong></span> <span class='ocrx_word' id='word_1_145' title='bbox 1547 1546 1666 1583; x_wconf 85' lang='lat' dir='ltr'><strong>sidere</strong></span> 
     </span>
     <span class='ocr_line' id='line_1_21' title="bbox 141 1604 1666 1651; baseline -0.001 -10"><span class='ocrx_word' id='word_1_146' title='bbox 141 1606 234 1641; x_wconf 78' lang='lat' dir='ltr'><strong>coni.</strong></span> <span class='ocrx_word' id='word_1_147' title='bbox 260 1605 445 1642; x_wconf 65' lang='lat' dir='ltr'><strong>Graevius</strong></span> <span class='ocrx_word' id='word_1_148' title='bbox 479 1606 492 1651; x_wconf 95' lang='grc' dir='ltr'><strong>ΙΙ</strong></span> <span class='ocrx_word' id='word_1_149' title='bbox 530 1609 574 1640; x_wconf 87' lang='lat'><strong>15</strong></span> <span class='ocrx_word' id='word_1_150' title='bbox 607 1604 773 1651; x_wconf 87' lang='lat' dir='ltr'><strong>patietur</strong></span> <span class='ocrx_word' id='word_1_151' title='bbox 798 1605 910 1640; x_wconf 84' lang='lat' dir='ltr'><strong>Itali:</strong></span> <span class='ocrx_word' id='word_1_152' title='bbox 944 1604 1111 1650; x_wconf 84' lang='lat' dir='ltr'><strong>patiatur</strong></span> <span class='ocrx_word' id='word_1_153' title='bbox 1136 1607 1161 1639; x_wconf 89' lang='grc'><strong>0</strong></span> <span class='ocrx_word' id='word_1_154' title='bbox 1191 1604 1348 1651; x_wconf 86' lang='lat' dir='ltr'><strong>patiaris</strong></span> <span class='ocrx_word' id='word_1_155' title='bbox 1372 1606 1579 1641; x_wconf 82' lang='lat' dir='ltr'><strong>Beroaldus</strong></span> <span class='ocrx_word' id='word_1_156' title='bbox 1602 1616 1666 1650; x_wconf 87' lang='lat' dir='ltr'><strong>pa-</strong></span> 
     </span>
     <span class='ocr_line' id='line_1_22' title="bbox 138 1663 1666 1710; baseline 0.001 -11"><span class='ocrx_word' id='word_1_157' title='bbox 138 1663 276 1700; x_wconf 85' lang='lat' dir='ltr'><strong>tienter</strong></span> <span class='ocrx_word' id='word_1_158' title='bbox 298 1663 575 1709; x_wconf 75' lang='lat' dir='ltr'><strong>Lachmannus;</strong></span> <span class='ocrx_word' id='word_1_159' title='bbox 600 1664 679 1699; x_wconf 78' lang='lat' dir='ltr'><strong>alia</strong></span> <span class='ocrx_word' id='word_1_160' title='bbox 703 1664 773 1699; x_wconf 75' lang='lat' dir='ltr'><strong>alii</strong></span> <span class='ocrx_word' id='word_1_161' title='bbox 796 1666 838 1698; x_wconf 76' lang='lat' dir='ltr'><strong>in</strong></span> <span class='ocrx_word' id='word_1_162' title='bbox 862 1666 936 1698; x_wconf 81' lang='lat' dir='ltr'><strong>toto</strong></span> <span class='ocrx_word' id='word_1_163' title='bbox 959 1663 1025 1699; x_wconf 71' lang='lat' dir='ltr'><strong>hoc</strong></span> <span class='ocrx_word' id='word_1_164' title='bbox 1049 1664 1125 1699; x_wconf 80' lang='lat' dir='ltr'><strong>loeo</strong></span> <span class='ocrx_word' id='word_1_165' title='bbox 1148 1665 1407 1709; x_wconf 77' lang='lat' dir='ltr'><strong>moliebantur,</strong></span> <span class='ocrx_word' id='word_1_166' title='bbox 1432 1668 1475 1699; x_wconf 79' lang='lat' dir='ltr'><strong>ut</strong></span> <span class='ocrx_word' id='word_1_167' title='bbox 1498 1664 1666 1710; x_wconf 84' lang='lat' dir='ltr'><strong>Scaliyer</strong></span> 
     </span>
    </p>
   </div>
   <div class='ocr_carea' id='block_1_6' title="bbox 0 1727 1668 2795">
    <p class='ocr_par' dir='ltr' id='par_1_6' title="bbox 140 1727 1666 1792">
     <span class='ocr_line' id='line_1_23' title="bbox 140 1727 1666 1792; baseline -0.001 -10"><span class='ocrx_word' id='word_1_168' title='bbox 140 1747 421 1792; x_wconf 71' lang='lat' dir='ltr'><strong>transponendis</strong></span> <span class='ocrx_word' id='word_1_169' title='bbox 444 1757 507 1781; x_wconf 81' lang='lat' dir='ltr'><strong>uu.</strong></span> <span class='ocrx_word' id='word_1_170' title='bbox 536 1749 596 1790; x_wconf 88' lang='lat'><strong>15,</strong></span> <span class='ocrx_word' id='word_1_171' title='bbox 625 1750 668 1781; x_wconf 89' lang='grc'><strong>16</strong></span> <span class='ocrx_word' id='word_1_172' title='bbox 688 1749 773 1790; x_wconf 77' lang='lat' dir='ltr'><strong>post</strong></span> <span class='ocrx_word' id='word_1_173' title='bbox 800 1749 843 1780; x_wconf 78' lang='lat'><strong>12</strong></span> <span class='ocrx_word' id='word_1_174' title='bbox 877 1747 883 1790; x_wconf 97' lang='grc' dir='ltr'>Ι</span> <span class='ocrx_word' id='word_1_175' title='bbox 915 1745 956 1781; x_wconf 92' lang='lat' dir='ltr'><strong>in</strong></span> <span class='ocrx_word' id='word_1_176' title='bbox 986 1746 1079 1781; x_wconf 85' lang='lat' dir='ltr'><strong>hora</strong></span> <span class='ocrx_word' id='word_1_177' title='bbox 1102 1748 1133 1780; x_wconf 98' lang='lat' dir='ltr'>A</span> <span class='ocrx_word' id='word_1_178' title='bbox 1150 1750 1178 1780; x_wconf 78' lang='lat' dir='ltr'>F</span> <span class='ocrx_word' id='word_1_179' title='bbox 1210 1747 1248 1781; x_wconf 84' lang='lat' dir='ltr'><strong>in</strong></span> <span class='ocrx_word' id='word_1_180' title='bbox 1273 1727 1365 1792; x_wconf 71' lang='lat' dir='ltr'><strong>aoura</strong></span> <span class='ocrx_word' id='word_1_181' title='bbox 1388 1750 1420 1781; x_wconf 74' lang='lat' dir='ltr'><strong>R</strong></span> <span class='ocrx_word' id='word_1_182' title='bbox 1445 1747 1612 1791; x_wconf 58' lang='lat' dir='ltr'><strong>(in‘g‘ora</strong></span> <span class='ocrx_word' id='word_1_183' title='bbox 1636 1751 1666 1781; x_wconf 82' lang='lat' dir='ltr'><strong>V</strong></span> 
     </span>
    </p>

    <p class='ocr_par' dir='ltr' id='par_1_7' title="bbox 138 1804 1661 1852">
     <span class='ocr_line' id='line_1_24' title="bbox 138 1804 1661 1852; baseline 0.001 -12"><span class='ocrx_word' id='word_1_184' title='bbox 138 1816 208 1851; x_wconf 85' lang='lat' dir='ltr'><strong>my.</strong></span> <span class='ocrx_word' id='word_1_185' title='bbox 231 1816 278 1841; x_wconf 79' lang='lat' dir='ltr'><strong>m.</strong></span> <span class='ocrx_word' id='word_1_186' title='bbox 302 1806 361 1851; x_wconf 78' lang='lat'><strong>2):</strong></span> <span class='ocrx_word' id='word_1_187' title='bbox 387 1815 500 1840; x_wconf 80' lang='lat' dir='ltr'><strong>arena</strong></span> <span class='ocrx_word' id='word_1_188' title='bbox 522 1810 551 1839; x_wconf 99' lang='grc' dir='ltr'><strong><em>Β</em></strong></span> <span class='ocrx_word' id='word_1_189' title='bbox 571 1808 619 1849; x_wconf 91' lang='lat' dir='ltr'><strong>V,</strong></span> <span class='ocrx_word' id='word_1_190' title='bbox 642 1806 797 1848; x_wconf 77' lang='lat' dir='ltr'><strong>fortasse</strong></span> <span class='ocrx_word' id='word_1_191' title='bbox 819 1807 911 1840; x_wconf 83' lang='lat' dir='ltr'><strong>reete</strong></span> <span class='ocrx_word' id='word_1_192' title='bbox 934 1804 995 1850; x_wconf 79' lang='lat' dir='ltr'><strong>(cf.</strong></span> <span class='ocrx_word' id='word_1_193' title='bbox 1021 1816 1057 1840; x_wconf 79' lang='lat' dir='ltr'><strong>u.</strong></span> <span class='ocrx_word' id='word_1_194' title='bbox 1086 1805 1144 1850; x_wconf 91' lang='lat'><strong>11)</strong></span> <span class='ocrx_word' id='word_1_195' title='bbox 1169 1806 1182 1850; x_wconf 93' lang='grc' dir='ltr'><strong>ΙΙ</strong></span> <span class='ocrx_word' id='word_1_196' title='bbox 1209 1809 1251 1841; x_wconf 82' lang='grc'><strong>17</strong></span> <span class='ocrx_word' id='word_1_197' title='bbox 1276 1806 1537 1852; x_wconf 88' lang='lat' dir='ltr'><strong>quodcumque</strong></span> <span class='ocrx_word' id='word_1_198' title='bbox 1562 1809 1631 1840; x_wconf 71' lang='lat' dir='ltr'>AR</span> <span class='ocrx_word' id='word_1_199' title='bbox 1658 1807 1661 1851; x_wconf 84' lang='grc' dir='ltr'>Ι</span> 
     </span>
    </p>

    <p class='ocr_par' dir='ltr' id='par_1_8' title="bbox 138 1864 1667 1910">
     <span class='ocr_line' id='line_1_25' title="bbox 138 1864 1667 1910; baseline 0 -12"><span class='ocrx_word' id='word_1_200' title='bbox 138 1864 293 1900; x_wconf 88' lang='lat' dir='ltr'><strong>moreris</strong></span> <span class='ocrx_word' id='word_1_201' title='bbox 315 1867 349 1898; x_wconf 69' lang='grc' dir='ltr'>Ἡ</span> <span class='ocrx_word' id='word_1_202' title='bbox 371 1875 417 1899; x_wconf 87' lang='lat' dir='ltr'><strong>m.</strong></span> <span class='ocrx_word' id='word_1_203' title='bbox 442 1867 464 1898; x_wconf 90' lang='lat'>1</span> <span class='ocrx_word' id='word_1_204' title='bbox 501 1865 515 1908; x_wconf 93' lang='grc' dir='ltr'><strong>ΙΙ</strong></span> <span class='ocrx_word' id='word_1_205' title='bbox 552 1868 595 1900; x_wconf 89' lang='lat'><strong>18</strong></span> <span class='ocrx_word' id='word_1_206' title='bbox 626 1864 806 1910; x_wconf 84' lang='lat' dir='ltr'><strong>galathea</strong></span> <span class='ocrx_word' id='word_1_207' title='bbox 830 1867 855 1898; x_wconf 90' lang='grc'><strong>0</strong></span> <span class='ocrx_word' id='word_1_208' title='bbox 887 1864 928 1908; x_wconf 90' lang='lat' dir='ltr'><strong>(h</strong></span> <span class='ocrx_word' id='word_1_209' title='bbox 951 1864 995 1899; x_wconf 80' lang='lat' dir='ltr'><strong>in</strong></span> <span class='ocrx_word' id='word_1_210' title='bbox 1018 1866 1049 1897; x_wconf 92' lang='lat' dir='ltr'><strong>V</strong></span> <span class='ocrx_word' id='word_1_211' title='bbox 1073 1876 1118 1899; x_wconf 89' lang='lat' dir='ltr'><strong>m.</strong></span> <span class='ocrx_word' id='word_1_212' title='bbox 1144 1867 1170 1900; x_wconf 98' lang='grc'><em>2</em></span> <span class='ocrx_word' id='word_1_213' title='bbox 1196 1865 1279 1909; x_wconf 82' lang='lat' dir='ltr'><strong>dez.)</strong></span> <span class='ocrx_word' id='word_1_214' title='bbox 1317 1866 1330 1909; x_wconf 95' lang='grc' dir='ltr'><strong>ΙΙ</strong></span> <span class='ocrx_word' id='word_1_215' title='bbox 1367 1869 1410 1900; x_wconf 88' lang='grc'><strong>19</strong></span> <span class='ocrx_word' id='word_1_216' title='bbox 1442 1865 1555 1900; x_wconf 85' lang='lat' dir='ltr'><strong>Utere</strong></span> <span class='ocrx_word' id='word_1_217' title='bbox 1580 1869 1608 1898; x_wconf 94' lang='grc' dir='ltr'><strong><em>Β</em></strong></span> <span class='ocrx_word' id='word_1_218' title='bbox 1634 1867 1667 1899; x_wconf 90' lang='lat' dir='ltr'><strong>et</strong></span> 
     </span>
    </p>

    <p class='ocr_par' dir='ltr' id='par_1_9' title="bbox 0 1923 1668 2795">
     <span class='ocr_line' id='line_1_26' title="bbox 138 1923 1667 1969; baseline -0.001 -11"><span class='ocrx_word' id='word_1_219' title='bbox 138 1923 218 1959; x_wconf 80' lang='lat' dir='ltr'><strong>sine</strong></span> <span class='ocrx_word' id='word_1_220' title='bbox 241 1923 353 1959; x_wconf 80' lang='lat' dir='ltr'><strong>dubio</strong></span> <span class='ocrx_word' id='word_1_221' title='bbox 378 1925 409 1956; x_wconf 97' lang='lat' dir='ltr'><strong>V</strong></span> <span class='ocrx_word' id='word_1_222' title='bbox 431 1923 606 1967; x_wconf 82' lang='lat' dir='ltr'><strong>primitus</strong></span> <span class='ocrx_word' id='word_1_223' title='bbox 630 1924 744 1969; x_wconf 72' lang='lat' dir='ltr'><strong>(nunc</strong></span> <span class='ocrx_word' id='word_1_224' title='bbox 767 1923 903 1966; x_wconf 54' lang='lat' dir='ltr'><strong>Utgte</strong></span> <span class='ocrx_word' id='word_1_225' title='bbox 927 1926 1084 1967; x_wconf 80' lang='lat' dir='ltr'><strong>apparet</strong></span> <span class='ocrx_word' id='word_1_226' title='bbox 1106 1923 1163 1958; x_wconf 82' lang='lat' dir='ltr'><strong>ita</strong></span> <span class='ocrx_word' id='word_1_227' title='bbox 1186 1927 1229 1958; x_wconf 83' lang='lat' dir='ltr'><strong>ut</strong></span> <span class='ocrx_word' id='word_1_228' title='bbox 1260 1924 1376 1959; x_wconf 86' lang='lat' dir='ltr'><strong>altera</strong></span> <span class='ocrx_word' id='word_1_229' title='bbox 1399 1925 1418 1959; x_wconf 87' lang='lat' dir='ltr'><strong>t</strong></span> <span class='ocrx_word' id='word_1_230' title='bbox 1446 1924 1489 1959; x_wconf 79' lang='lat' dir='ltr'><strong>in</strong></span> <span class='ocrx_word' id='word_1_231' title='bbox 1518 1934 1591 1959; x_wconf 85' lang='lat' dir='ltr'><strong>ras.</strong></span> <span class='ocrx_word' id='word_1_232' title='bbox 1618 1923 1667 1958; x_wconf 84' lang='lat' dir='ltr'><strong>sit</strong></span> 
     </span>
     <span class='ocr_line' id='line_1_27' title="bbox 0 1981 1668 2029; baseline -0.001 -11"><span class='ocrx_word' id='word_1_233' title='bbox 0 1987 9 2029; x_wconf 55' lang='lat' dir='ltr'><em>J</em></span> <span class='ocrx_word' id='word_1_234' title='bbox 140 1983 316 2028; x_wconf 76' lang='lat' dir='ltr'><strong>scripta):</strong></span> <span class='ocrx_word' id='word_1_235' title='bbox 340 1982 392 2017; x_wconf 88' lang='lat' dir='ltr'><strong>Ut</strong></span> <span class='ocrx_word' id='word_1_236' title='bbox 415 1983 455 2017; x_wconf 86' lang='lat' dir='ltr'><strong>te</strong></span> <span class='ocrx_word' id='word_1_237' title='bbox 479 1984 510 2015; x_wconf 98' lang='lat' dir='ltr'>A</span> <span class='ocrx_word' id='word_1_238' title='bbox 528 1985 555 2015; x_wconf 78' lang='lat' dir='ltr'>P</span> <span class='ocrx_word' id='word_1_239' title='bbox 574 1985 606 2015; x_wconf 71' lang='grc' dir='ltr'>Π</span> <span class='ocrx_word' id='word_1_240' title='bbox 631 1983 718 2027; x_wconf 78' lang='lat' dir='ltr'><strong>(qua</strong></span> <span class='ocrx_word' id='word_1_241' title='bbox 749 1983 897 2017; x_wconf 78' lang='lat' dir='ltr'><strong>lectione</strong></span> <span class='ocrx_word' id='word_1_242' title='bbox 920 1982 1039 2017; x_wconf 74' lang='lat' dir='ltr'><strong>innisi</strong></span> <span class='ocrx_word' id='word_1_243' title='bbox 1067 1982 1119 2017; x_wconf 86' lang='lat' dir='ltr'><strong>Ut</strong></span> <span class='ocrx_word' id='word_1_244' title='bbox 1147 1982 1186 2017; x_wconf 87' lang='lat' dir='ltr'><strong>te</strong></span> <span class='ocrx_word' id='word_1_245' title='bbox 1211 1983 1449 2027; x_wconf 84' lang='lat' dir='ltr'><strong>praeuectam</strong></span> <span class='ocrx_word' id='word_1_246' title='bbox 1473 1981 1583 2016; x_wconf 85' lang='lat' dir='ltr'><strong>felice</strong></span> <span class='ocrx_word' id='word_1_247' title='bbox 1608 1982 1668 2017; x_wconf 82' lang='lat' dir='ltr'><strong>uel</strong></span> 
     </span>
     <span class='ocr_line' id='line_1_28' title="bbox 0 2032 1664 2087; baseline 0.001 -11"><span class='ocrx_word' id='word_1_248' title='bbox 0 2032 15 2050; x_wconf 43' lang='lat'><strong>²*</strong></span> <span class='ocrx_word' id='word_1_249' title='bbox 139 2040 243 2077; x_wconf 72' lang='lat' dir='ltr'><strong>felici</strong></span> <span class='ocrx_word' id='word_1_250' title='bbox 265 2051 334 2086; x_wconf 79' lang='lat' dir='ltr'><strong>per</strong></span> <span class='ocrx_word' id='word_1_251' title='bbox 367 2051 479 2076; x_wconf 76' lang='lat' dir='ltr'><strong>saeua</strong></span> <span class='ocrx_word' id='word_1_252' title='bbox 504 2041 600 2076; x_wconf 69' lang='lat' dir='ltr'><strong>Itali</strong></span> <span class='ocrx_word' id='word_1_253' title='bbox 629 2041 682 2075; x_wconf 76' lang='lat' dir='ltr'><strong>Ut</strong></span> <span class='ocrx_word' id='word_1_254' title='bbox 710 2042 749 2076; x_wconf 76' lang='lat' dir='ltr'><strong>te</strong></span> <span class='ocrx_word' id='word_1_255' title='bbox 779 2039 883 2075; x_wconf 73' lang='lat' dir='ltr'><strong>felici</strong></span> <span class='ocrx_word' id='word_1_256' title='bbox 913 2041 1000 2085; x_wconf 76' lang='lat' dir='ltr'><strong>post</strong></span> <span class='ocrx_word' id='word_1_257' title='bbox 1028 2039 1131 2075; x_wconf 58' lang='lat' dir='ltr'><strong>uicta</strong></span> <span class='ocrx_word' id='word_1_258' title='bbox 1155 2040 1333 2076; x_wconf 75' lang='lat' dir='ltr'><strong>Heinsius</strong></span> <span class='ocrx_word' id='word_1_259' title='bbox 1365 2040 1468 2087; x_wconf 77' lang='lat' dir='ltr'><strong>[post</strong></span> <span class='ocrx_word' id='word_1_260' title='bbox 1496 2041 1596 2076; x_wconf 80' lang='lat' dir='ltr'><strong>lecta</strong></span> <span class='ocrx_word' id='word_1_261' title='bbox 1620 2040 1664 2077; x_wconf 86' lang='lat' dir='ltr'><strong>L.</strong></span> 
     </span>
     <span class='ocr_line' id='line_1_29' title="bbox 143 2098 1665 2146; baseline -0.001 -10"><span class='ocrx_word' id='word_1_262' title='bbox 143 2099 363 2146; x_wconf 72' lang='lat' dir='ltr'><strong>Muellerus]</strong></span> <span class='ocrx_word' id='word_1_263' title='bbox 394 2098 502 2134; x_wconf 83' lang='lat' dir='ltr'><strong>Vites</strong></span> <span class='ocrx_word' id='word_1_264' title='bbox 532 2099 635 2135; x_wconf 82' lang='lat' dir='ltr'><strong>felici</strong></span> <span class='ocrx_word' id='word_1_265' title='bbox 664 2100 864 2146; x_wconf 84' lang='lat' dir='ltr'><strong>praeuecta</strong></span> <span class='ocrx_word' id='word_1_266' title='bbox 894 2098 1170 2140; x_wconf 72' lang='lat' dir='ltr'><strong>Lachmannus)</strong></span> <span class='ocrx_word' id='word_1_267' title='bbox 1210 2100 1215 2143; x_wconf 99' lang='grc' dir='ltr'>Ι</span> <span class='ocrx_word' id='word_1_268' title='bbox 1254 2101 1436 2144; x_wconf 87' lang='lat' dir='ltr'><strong>prouecta</strong></span> <span class='ocrx_word' id='word_1_269' title='bbox 1457 2104 1486 2134; x_wconf 94' lang='grc' dir='ltr'><strong><em>Β</em></strong></span> <span class='ocrx_word' id='word_1_270' title='bbox 1505 2102 1535 2133; x_wconf 95' lang='lat' dir='ltr'><strong>V</strong></span> <span class='ocrx_word' id='word_1_271' title='bbox 1571 2101 1584 2144; x_wconf 93' lang='grc' dir='ltr'><strong>ΙΙ</strong></span> <span class='ocrx_word' id='word_1_272' title='bbox 1620 2103 1665 2134; x_wconf 80' lang='lat'><strong>20</strong></span> 
     </span>
     <span class='ocr_line' id='line_1_30' title="bbox 141 2157 1666 2204; baseline -0.002 -10"><span class='ocrx_word' id='word_1_273' title='bbox 141 2157 311 2204; x_wconf 78' lang='lat' dir='ltr'><strong>placidos</strong></span> <span class='ocrx_word' id='word_1_274' title='bbox 334 2160 365 2192; x_wconf 91' lang='lat' dir='ltr'>A</span> <span class='ocrx_word' id='word_1_275' title='bbox 382 2161 410 2191; x_wconf 73' lang='lat' dir='ltr'>P</span> <span class='ocrx_word' id='word_1_276' title='bbox 436 2158 492 2203; x_wconf 80' lang='lat' dir='ltr'><strong>(in</strong></span> <span class='ocrx_word' id='word_1_277' title='bbox 514 2158 579 2194; x_wconf 82' lang='lat' dir='ltr'><strong>hoc</strong></span> <span class='ocrx_word' id='word_1_278' title='bbox 603 2169 694 2194; x_wconf 84' lang='lat' dir='ltr'><strong>corr.</strong></span> <span class='ocrx_word' id='word_1_279' title='bbox 718 2169 764 2194; x_wconf 86' lang='lat' dir='ltr'><strong>m.</strong></span> <span class='ocrx_word' id='word_1_280' title='bbox 790 2160 831 2203; x_wconf 91' lang='grc'><strong>2)</strong></span> <span class='ocrx_word' id='word_1_281' title='bbox 853 2159 858 2202; x_wconf 97' lang='grc' dir='ltr'>Ι</span> <span class='ocrx_word' id='word_1_282' title='bbox 882 2168 1010 2202; x_wconf 81' lang='lat' dir='ltr'><strong>orycos</strong></span> <span class='ocrx_word' id='word_1_283' title='bbox 1034 2160 1124 2193; x_wconf 82' lang='lat' dir='ltr'><strong>DV:</strong></span> <span class='ocrx_word' id='word_1_284' title='bbox 1151 2157 1301 2202; x_wconf 85' lang='lat' dir='ltr'><strong>oriquos</strong></span> <span class='ocrx_word' id='word_1_285' title='bbox 1326 2161 1396 2192; x_wconf 78' lang='lat' dir='ltr'>AF</span> <span class='ocrx_word' id='word_1_286' title='bbox 1422 2170 1584 2204; x_wconf 81' lang='lat' dir='ltr'><strong>oryquos</strong></span> <span class='ocrx_word' id='word_1_287' title='bbox 1603 2162 1635 2191; x_wconf 73' lang='lat' dir='ltr'><strong>R</strong></span> <span class='ocrx_word' id='word_1_288' title='bbox 1654 2159 1666 2204; x_wconf 81' lang='grc' dir='ltr'><strong>ΙΙ</strong></span> 
     </span>
     <span class='ocr_line' id='line_1_31' title="bbox 140 2212 1667 2262; baseline -0.001 -9"><span class='ocrx_word' id='word_1_289' title='bbox 140 2221 185 2254; x_wconf 83' lang='lat'><strong>21</strong></span> <span class='ocrx_word' id='word_1_290' title='bbox 210 2217 258 2253; x_wconf 85' lang='lat' dir='ltr'><strong>de</strong></span> <span class='ocrx_word' id='word_1_291' title='bbox 281 2218 320 2252; x_wconf 83' lang='lat' dir='ltr'><strong>te</strong></span> <span class='ocrx_word' id='word_1_292' title='bbox 345 2219 387 2252; x_wconf 71' lang='grc' dir='ltr'><strong>οε</strong></span> <span class='ocrx_word' id='word_1_293' title='bbox 412 2216 547 2252; x_wconf 85' lang='lat' dir='ltr'><strong>taedae</strong></span> <span class='ocrx_word' id='word_1_294' title='bbox 566 2227 588 2254; x_wconf 87' lang='grc' dir='ltr'><strong>ς</strong></span> <span class='ocrx_word' id='word_1_295' title='bbox 612 2217 723 2262; x_wconf 77' lang='lat' dir='ltr'><strong>uulyo</strong></span> <span class='ocrx_word' id='word_1_296' title='bbox 741 2218 754 2261; x_wconf 91' lang='grc' dir='ltr'><strong>ΙΙ</strong></span> <span class='ocrx_word' id='word_1_297' title='bbox 772 2219 817 2250; x_wconf 80' lang='lat'><strong>22</strong></span> <span class='ocrx_word' id='word_1_298' title='bbox 844 2215 940 2258; x_wconf 86' lang='lat' dir='ltr'><strong>Quin</strong></span> <span class='ocrx_word' id='word_1_299' title='bbox 958 2216 1092 2262; x_wconf 83' lang='lat' dir='ltr'><strong>arguta</strong></span> <span class='ocrx_word' id='word_1_300' title='bbox 1110 2216 1244 2261; x_wconf 80' lang='lat' dir='ltr'><strong>scripsi</strong></span> <span class='ocrx_word' id='word_1_301' title='bbox 1268 2217 1394 2261; x_wconf 83' lang='lat' dir='ltr'><strong>(Misc.</strong></span> <span class='ocrx_word' id='word_1_302' title='bbox 1416 2216 1507 2252; x_wconf 80' lang='lat' dir='ltr'><strong>Grit.</strong></span> <span class='ocrx_word' id='word_1_303' title='bbox 1521 2212 1567 2262; x_wconf 78' lang='grc' dir='ltr'><strong>Ῥ.</strong></span> <span class='ocrx_word' id='word_1_304' title='bbox 1590 2217 1667 2261; x_wconf 81' lang='grc'>74);</span> 
     </span>
     <span class='ocr_line' id='line_1_32' title="bbox 141 2274 1668 2322; baseline -0.001 -10"><span class='ocrx_word' id='word_1_305' title='bbox 141 2275 242 2320; x_wconf 80' lang='lat' dir='ltr'><strong>Quin</strong></span> <span class='ocrx_word' id='word_1_306' title='bbox 270 2287 341 2322; x_wconf 83' lang='lat' dir='ltr'><strong>ego</strong></span> <span class='ocrx_word' id='word_1_307' title='bbox 370 2276 455 2311; x_wconf 73' lang='lat' dir='ltr'><strong>tuta.</strong></span> <span class='ocrx_word' id='word_1_308' title='bbox 483 2279 515 2310; x_wconf 95' lang='lat' dir='ltr'>A</span> <span class='ocrx_word' id='word_1_309' title='bbox 531 2279 559 2310; x_wconf 73' lang='lat' dir='ltr'>r</span> <span class='ocrx_word' id='word_1_310' title='bbox 577 2280 606 2310; x_wconf 95' lang='grc' dir='ltr'><strong><em>Β</em></strong></span> <span class='ocrx_word' id='word_1_311' title='bbox 633 2275 728 2318; x_wconf 90' lang='lat' dir='ltr'><strong>Quin</strong></span> <span class='ocrx_word' id='word_1_312' title='bbox 753 2286 823 2320; x_wconf 92' lang='lat' dir='ltr'><strong>ego</strong></span> <span class='ocrx_word' id='word_1_313' title='bbox 854 2274 936 2310; x_wconf 83' lang='lat' dir='ltr'><strong>uita</strong></span> <span class='ocrx_word' id='word_1_314' title='bbox 959 2279 987 2309; x_wconf 74' lang='lat' dir='ltr'>r</span> <span class='ocrx_word' id='word_1_315' title='bbox 1011 2286 1056 2311; x_wconf 89' lang='lat' dir='ltr'><strong>m.</strong></span> <span class='ocrx_word' id='word_1_316' title='bbox 1083 2279 1108 2312; x_wconf 87' lang='grc'><em>2</em></span> <span class='ocrx_word' id='word_1_317' title='bbox 1134 2278 1165 2309; x_wconf 71' lang='lat' dir='ltr'>R</span> <span class='ocrx_word' id='word_1_318' title='bbox 1184 2278 1214 2308; x_wconf 95' lang='lat' dir='ltr'><strong>V</strong></span> <span class='ocrx_word' id='word_1_319' title='bbox 1239 2275 1312 2319; x_wconf 80' lang='lat' dir='ltr'><strong>(hie</strong></span> <span class='ocrx_word' id='word_1_320' title='bbox 1336 2286 1404 2320; x_wconf 84' lang='lat' dir='ltr'><strong>my.</strong></span> <span class='ocrx_word' id='word_1_321' title='bbox 1429 2287 1475 2311; x_wconf 86' lang='lat' dir='ltr'><strong>m.</strong></span> <span class='ocrx_word' id='word_1_322' title='bbox 1502 2279 1528 2312; x_wconf 89' lang='grc'><em>2</em></span> <span class='ocrx_word' id='word_1_323' title='bbox 1553 2275 1668 2321; x_wconf 82' lang='lat' dir='ltr'><strong>uicta)</strong></span> 
     </span>
     <span class='ocr_line' id='line_1_33' title="bbox 141 2332 1667 2381; baseline -0.001 -10"><span class='ocrx_word' id='word_1_324' title='bbox 141 2334 184 2378; x_wconf 85' lang='lat' dir='ltr'><strong>Q.</strong></span> <span class='ocrx_word' id='word_1_325' title='bbox 217 2345 287 2381; x_wconf 86' lang='lat' dir='ltr'><strong>ego</strong></span> <span class='ocrx_word' id='word_1_326' title='bbox 316 2334 392 2370; x_wconf 81' lang='lat' dir='ltr'><strong>fida</strong></span> <span class='ocrx_word' id='word_1_327' title='bbox 415 2333 677 2370; x_wconf 75' lang='lat' dir='ltr'><strong>Lachmannus</strong></span> <span class='ocrx_word' id='word_1_328' title='bbox 708 2332 749 2375; x_wconf 89' lang='lat' dir='ltr'><strong>Q.</strong></span> <span class='ocrx_word' id='word_1_329' title='bbox 776 2343 845 2378; x_wconf 88' lang='lat' dir='ltr'><strong>ego</strong></span> <span class='ocrx_word' id='word_1_330' title='bbox 876 2333 998 2368; x_wconf 84' lang='lat' dir='ltr'><strong>multa</strong></span> <span class='ocrx_word' id='word_1_331' title='bbox 1021 2333 1185 2378; x_wconf 76' lang='lat' dir='ltr'><strong>Keilius3</strong></span> <span class='ocrx_word' id='word_1_332' title='bbox 1217 2334 1259 2368; x_wconf 77' lang='lat' dir='ltr'><strong>in</strong></span> <span class='ocrx_word' id='word_1_333' title='bbox 1282 2334 1398 2369; x_wconf 86' lang='lat' dir='ltr'><strong>uerba</strong></span> <span class='ocrx_word' id='word_1_334' title='bbox 1422 2334 1556 2370; x_wconf 77' lang='lat' dir='ltr'><strong>uitium</strong></span> <span class='ocrx_word' id='word_1_335' title='bbox 1581 2335 1667 2370; x_wconf 83' lang='lat' dir='ltr'><strong>odo-</strong></span> 
     </span>
     <span class='ocr_line' id='line_1_34' title="bbox 139 2392 1664 2438; baseline -0.001 -8"><span class='ocrx_word' id='word_1_336' title='bbox 139 2394 324 2430; x_wconf 74' lang='lat' dir='ltr'><strong>rabantur</strong></span> <span class='ocrx_word' id='word_1_337' title='bbox 362 2393 526 2438; x_wconf 83' lang='lat' dir='ltr'><strong>Scaliyer</strong></span> <span class='ocrx_word' id='word_1_338' title='bbox 561 2392 714 2437; x_wconf 83' lang='lat' dir='ltr'><strong>acerba,</strong></span> <span class='ocrx_word' id='word_1_339' title='bbox 753 2392 986 2428; x_wconf 78' lang='lat' dir='ltr'><strong>Passeratius</strong></span> <span class='ocrx_word' id='word_1_340' title='bbox 1016 2403 1106 2428; x_wconf 88' lang='lat' dir='ltr'><strong>uera</strong></span> <span class='ocrx_word' id='word_1_341' title='bbox 1135 2396 1379 2438; x_wconf 77' lang='lat' dir='ltr'><strong>proponentes</strong></span> <span class='ocrx_word' id='word_1_342' title='bbox 1418 2394 1423 2438; x_wconf 97' lang='grc' dir='ltr'>Ι</span> <span class='ocrx_word' id='word_1_343' title='bbox 1461 2393 1591 2429; x_wconf 87' lang='lat' dir='ltr'><strong>limine</strong></span> <span class='ocrx_word' id='word_1_344' title='bbox 1626 2404 1664 2431; x_wconf 72' lang='grc' dir='ltr'><strong>ςε</strong></span> 
     </span>
     <span class='ocr_line' id='line_1_35' title="bbox 139 2451 1667 2499; baseline 0 -11"><span class='ocrx_word' id='word_1_345' title='bbox 139 2452 281 2488; x_wconf 86' lang='lat' dir='ltr'><strong>lumine</strong></span> <span class='ocrx_word' id='word_1_346' title='bbox 301 2455 326 2486; x_wconf 92' lang='grc'><strong>0</strong></span> <span class='ocrx_word' id='word_1_347' title='bbox 354 2451 359 2499; x_wconf 92' lang='grc' dir='ltr'>Ι</span> <span class='ocrx_word' id='word_1_348' title='bbox 387 2451 519 2496; x_wconf 83' lang='lat' dir='ltr'><strong>loquar</strong></span> <span class='ocrx_word' id='word_1_349' title='bbox 537 2455 565 2485; x_wconf 91' lang='grc' dir='ltr'><strong><em>Β</em></strong></span> <span class='ocrx_word' id='word_1_350' title='bbox 584 2454 615 2485; x_wconf 87' lang='lat' dir='ltr'><strong>V</strong></span> <span class='ocrx_word' id='word_1_351' title='bbox 640 2452 695 2497; x_wconf 76' lang='lat' dir='ltr'><strong>(in</strong></span> <span class='ocrx_word' id='word_1_352' title='bbox 712 2451 778 2486; x_wconf 79' lang='lat' dir='ltr'><strong>hoc</strong></span> <span class='ocrx_word' id='word_1_353' title='bbox 802 2462 893 2487; x_wconf 84' lang='lat' dir='ltr'><strong>corr.</strong></span> <span class='ocrx_word' id='word_1_354' title='bbox 913 2462 980 2497; x_wconf 87' lang='lat' dir='ltr'><strong>my.</strong></span> <span class='ocrx_word' id='word_1_355' title='bbox 1001 2463 1046 2488; x_wconf 90' lang='lat' dir='ltr'><strong>m.</strong></span> <span class='ocrx_word' id='word_1_356' title='bbox 1066 2453 1107 2496; x_wconf 83' lang='lat'><strong>2)</strong></span> <span class='ocrx_word' id='word_1_357' title='bbox 1136 2453 1150 2497; x_wconf 91' lang='grc' dir='ltr'><strong>ΙΙ</strong></span> <span class='ocrx_word' id='word_1_358' title='bbox 1177 2456 1221 2487; x_wconf 84' lang='grc'><strong>23</strong></span> <span class='ocrx_word' id='word_1_359' title='bbox 1248 2451 1398 2488; x_wconf 86' lang='lat' dir='ltr'><strong>deficiat</strong></span> <span class='ocrx_word' id='word_1_360' title='bbox 1422 2454 1452 2485; x_wconf 92' lang='lat' dir='ltr'>A</span> <span class='ocrx_word' id='word_1_361' title='bbox 1470 2455 1498 2485; x_wconf 79' lang='lat' dir='ltr'>F</span> <span class='ocrx_word' id='word_1_362' title='bbox 1524 2453 1579 2498; x_wconf 77' lang='lat' dir='ltr'><strong>(in</strong></span> <span class='ocrx_word' id='word_1_363' title='bbox 1602 2453 1667 2488; x_wconf 86' lang='lat' dir='ltr'><strong>hoc</strong></span> 
     </span>
     <span class='ocr_line' id='line_1_36' title="bbox 141 2509 1668 2558; baseline -0.001 -10"><span class='ocrx_word' id='word_1_364' title='bbox 141 2522 233 2548; x_wconf 83' lang='lat' dir='ltr'><strong>corr.</strong></span> <span class='ocrx_word' id='word_1_365' title='bbox 258 2523 304 2548; x_wconf 85' lang='lat' dir='ltr'><strong>m.</strong></span> <span class='ocrx_word' id='word_1_366' title='bbox 329 2513 370 2556; x_wconf 92' lang='grc'><strong>2)</strong></span> <span class='ocrx_word' id='word_1_367' title='bbox 399 2510 404 2558; x_wconf 88' lang='grc' dir='ltr'>Ι</span> <span class='ocrx_word' id='word_1_368' title='bbox 430 2510 579 2546; x_wconf 78' lang='lat' dir='ltr'><strong>nauitas</strong></span> <span class='ocrx_word' id='word_1_369' title='bbox 603 2513 634 2544; x_wconf 89' lang='lat' dir='ltr'>A</span> <span class='ocrx_word' id='word_1_370' title='bbox 657 2511 671 2555; x_wconf 97' lang='grc' dir='ltr'><strong>ΙΙ</strong></span> <span class='ocrx_word' id='word_1_371' title='bbox 694 2514 739 2545; x_wconf 80' lang='lat'><strong>25</strong></span> <span class='ocrx_word' id='word_1_372' title='bbox 772 2509 895 2546; x_wconf 85' lang='lat' dir='ltr'><strong>dicam</strong></span> <span class='ocrx_word' id='word_1_373' title='bbox 919 2522 937 2546; x_wconf 91' lang='lat' dir='ltr'><strong>e</strong></span> <span class='ocrx_word' id='word_1_374' title='bbox 962 2522 997 2546; x_wconf 83' lang='lat' dir='ltr'><strong>u.</strong></span> <span class='ocrx_word' id='word_1_375' title='bbox 1017 2511 1144 2556; x_wconf 76' lang='lat' dir='ltr'><strong>priore</strong></span> <span class='ocrx_word' id='word_1_376' title='bbox 1167 2512 1358 2556; x_wconf 82' lang='lat' dir='ltr'><strong>repetitum</strong></span> <span class='ocrx_word' id='word_1_377' title='bbox 1382 2512 1529 2547; x_wconf 82' lang='lat' dir='ltr'><strong>uidetur</strong></span> <span class='ocrx_word' id='word_1_378' title='bbox 1550 2513 1555 2556; x_wconf 97' lang='grc' dir='ltr'>Ι</span> <span class='ocrx_word' id='word_1_379' title='bbox 1577 2511 1668 2547; x_wconf 88' lang='lat' dir='ltr'><strong>licet</strong></span> 
     </span>
     <span class='ocr_line' id='line_1_37' title="bbox 141 2569 1668 2616; baseline 0 -10"><span class='ocrx_word' id='word_1_380' title='bbox 141 2570 327 2606; x_wconf 83' lang='lat' dir='ltr'><strong>Autaricis</strong></span> <span class='ocrx_word' id='word_1_381' title='bbox 352 2571 424 2616; x_wconf 81' lang='lat' dir='ltr'><strong>(uel</strong></span> <span class='ocrx_word' id='word_1_382' title='bbox 453 2570 631 2616; x_wconf 78' lang='lat' dir='ltr'><strong>Autariis)</strong></span> <span class='ocrx_word' id='word_1_383' title='bbox 663 2569 829 2606; x_wconf 81' lang='lat' dir='ltr'><strong>Volscus:</strong></span> <span class='ocrx_word' id='word_1_384' title='bbox 858 2570 949 2606; x_wconf 86' lang='lat' dir='ltr'><strong>licet</strong></span> <span class='ocrx_word' id='word_1_385' title='bbox 981 2581 1004 2605; x_wconf 91' lang='lat' dir='ltr'><strong>a</strong></span> <span class='ocrx_word' id='word_1_386' title='bbox 1026 2569 1155 2606; x_wconf 83' lang='lat' dir='ltr'><strong>traciis</strong></span> <span class='ocrx_word' id='word_1_387' title='bbox 1180 2573 1210 2604; x_wconf 89' lang='lat' dir='ltr'>A</span> <span class='ocrx_word' id='word_1_388' title='bbox 1234 2570 1324 2606; x_wconf 87' lang='lat' dir='ltr'><strong>licet</strong></span> <span class='ocrx_word' id='word_1_389' title='bbox 1348 2570 1496 2606; x_wconf 85' lang='lat' dir='ltr'><strong>atraciis</strong></span> <span class='ocrx_word' id='word_1_390' title='bbox 1521 2574 1552 2604; x_wconf 68' lang='lat' dir='ltr'><strong>R</strong></span> <span class='ocrx_word' id='word_1_391' title='bbox 1577 2571 1668 2606; x_wconf 85' lang='lat' dir='ltr'><strong>licet</strong></span> 
     </span>
     <span class='ocr_line' id='line_1_38' title="bbox 143 2627 1667 2675; baseline -0.001 -10"><span class='ocrx_word' id='word_1_392' title='bbox 143 2628 291 2665; x_wconf 67' lang='lat' dir='ltr'><strong>attat-iis</strong></span> <span class='ocrx_word' id='word_1_393' title='bbox 314 2632 342 2662; x_wconf 76' lang='lat' dir='ltr'>F</span> <span class='ocrx_word' id='word_1_394' title='bbox 367 2639 391 2664; x_wconf 83' lang='lat' dir='ltr'><strong>a</strong></span> <span class='ocrx_word' id='word_1_395' title='bbox 414 2627 569 2664; x_wconf 87' lang='lat' dir='ltr'><strong>thraciis</strong></span> <span class='ocrx_word' id='word_1_396' title='bbox 592 2628 684 2664; x_wconf 90' lang='lat' dir='ltr'><strong>licet</strong></span> <span class='ocrx_word' id='word_1_397' title='bbox 706 2628 800 2664; x_wconf 87' lang='lat' dir='ltr'><strong>haec</strong></span> <span class='ocrx_word' id='word_1_398' title='bbox 824 2633 853 2663; x_wconf 91' lang='grc' dir='ltr'><strong><em>Β</em></strong></span> <span class='ocrx_word' id='word_1_399' title='bbox 879 2628 1056 2665; x_wconf 81' lang='lat' dir='ltr'><strong>athraciis</strong></span> <span class='ocrx_word' id='word_1_400' title='bbox 1081 2630 1122 2671; x_wconf 91' lang='lat' dir='ltr'><strong>(h</strong></span> <span class='ocrx_word' id='word_1_401' title='bbox 1147 2641 1225 2674; x_wconf 76' lang='lat' dir='ltr'><strong>exp.</strong></span> <span class='ocrx_word' id='word_1_402' title='bbox 1252 2641 1297 2666; x_wconf 85' lang='lat' dir='ltr'><strong>m.</strong></span> <span class='ocrx_word' id='word_1_403' title='bbox 1323 2632 1364 2675; x_wconf 91' lang='grc'><strong>2)</strong></span> <span class='ocrx_word' id='word_1_404' title='bbox 1390 2629 1480 2665; x_wconf 88' lang='lat' dir='ltr'><strong>licet</strong></span> <span class='ocrx_word' id='word_1_405' title='bbox 1503 2630 1595 2665; x_wconf 83' lang='lat' dir='ltr'><strong>haec</strong></span> <span class='ocrx_word' id='word_1_406' title='bbox 1619 2632 1667 2673; x_wconf 85' lang='lat' dir='ltr'><strong>V;</strong></span> 
     </span>
     <span class='ocr_line' id='line_1_39' title="bbox 141 2687 1664 2734; baseline 0 -11"><span class='ocrx_word' id='word_1_407' title='bbox 141 2687 295 2732; x_wconf 78' lang='lat' dir='ltr'><strong>fortasse</strong></span> <span class='ocrx_word' id='word_1_408' title='bbox 324 2687 511 2723; x_wconf 77' lang='lat' dir='ltr'><strong>Autaricis</strong></span> <span class='ocrx_word' id='word_1_409' title='bbox 548 2687 637 2723; x_wconf 85' lang='lat' dir='ltr'><strong>licet</strong></span> <span class='ocrx_word' id='word_1_410' title='bbox 668 2688 706 2722; x_wconf 88' lang='lat' dir='ltr'><strong>et</strong></span> <span class='ocrx_word' id='word_1_411' title='bbox 743 2690 750 2732; x_wconf 95' lang='grc' dir='ltr'>Ι</span> <span class='ocrx_word' id='word_1_412' title='bbox 786 2687 889 2724; x_wconf 87' lang='lat' dir='ltr'><strong>horis</strong></span> <span class='ocrx_word' id='word_1_413' title='bbox 914 2691 945 2722; x_wconf 94' lang='lat' dir='ltr'>A</span> <span class='ocrx_word' id='word_1_414' title='bbox 962 2692 990 2722; x_wconf 77' lang='lat' dir='ltr'>r</span> <span class='ocrx_word' id='word_1_415' title='bbox 1026 2690 1039 2733; x_wconf 95' lang='grc' dir='ltr'><strong>ΙΙ</strong></span> <span class='ocrx_word' id='word_1_416' title='bbox 1075 2692 1119 2724; x_wconf 82' lang='grc'><strong>26</strong></span> <span class='ocrx_word' id='word_1_417' title='bbox 1157 2688 1304 2734; x_wconf 82' lang='lat' dir='ltr'><strong>Hylleis</strong></span> <span class='ocrx_word' id='word_1_418' title='bbox 1340 2689 1392 2725; x_wconf 84' lang='lat' dir='ltr'><strong>ed.</strong></span> <span class='ocrx_word' id='word_1_419' title='bbox 1428 2688 1664 2724; x_wconf 78' lang='lat' dir='ltr'><strong>Rouilliana:</strong></span> 
     </span>
     <span class='ocr_line' id='line_1_40' title="bbox 142 2745 1667 2795; baseline 0 -13"><span class='ocrx_word' id='word_1_420' title='bbox 142 2745 263 2792; x_wconf 77' lang='lat' dir='ltr'><strong>hyleis</strong></span> <span class='ocrx_word' id='word_1_421' title='bbox 282 2749 311 2780; x_wconf 91' lang='lat' dir='ltr'>A</span> <span class='ocrx_word' id='word_1_422' title='bbox 329 2750 357 2780; x_wconf 72' lang='grc' dir='ltr'><strong>Ε·</strong></span> <span class='ocrx_word' id='word_1_423' title='bbox 382 2746 492 2781; x_wconf 88' lang='lat' dir='ltr'><strong>hileis</strong></span> <span class='ocrx_word' id='word_1_424' title='bbox 511 2750 543 2780; x_wconf 69' lang='grc' dir='ltr'>Π</span> <span class='ocrx_word' id='word_1_425' title='bbox 567 2746 696 2781; x_wconf 83' lang='lat' dir='ltr'><strong>ellaeis</strong></span> <span class='ocrx_word' id='word_1_426' title='bbox 720 2750 748 2780; x_wconf 94' lang='grc' dir='ltr'><strong><em>Β</em></strong></span> <span class='ocrx_word' id='word_1_427' title='bbox 767 2749 798 2780; x_wconf 92' lang='lat' dir='ltr'><strong>V</strong></span> <span class='ocrx_word' id='word_1_428' title='bbox 822 2748 894 2790; x_wconf 84' lang='lat' dir='ltr'><strong>(hic</strong></span> <span class='ocrx_word' id='word_1_429' title='bbox 910 2758 979 2793; x_wconf 91' lang='lat' dir='ltr'><strong>my.</strong></span> <span class='ocrx_word' id='word_1_430' title='bbox 998 2759 1044 2784; x_wconf 87' lang='lat' dir='ltr'><strong>m.</strong></span> <span class='ocrx_word' id='word_1_431' title='bbox 1063 2749 1089 2783; x_wconf 88' lang='grc'><em>2</em></span> <span class='ocrx_word' id='word_1_432' title='bbox 1108 2747 1242 2795; x_wconf 67' lang='lat' dir='ltr'><strong>hyleis)</strong></span> <span class='ocrx_word' id='word_1_433' title='bbox 1269 2747 1367 2782; x_wconf 85' lang='lat' dir='ltr'><strong>Eleis</strong></span> <span class='ocrx_word' id='word_1_434' title='bbox 1394 2758 1415 2784; x_wconf 87' lang='grc' dir='ltr'><strong><em>ς</em></strong></span> <span class='ocrx_word' id='word_1_435' title='bbox 1440 2747 1572 2782; x_wconf 85' lang='lat' dir='ltr'><strong>Issaeis</strong></span> <span class='ocrx_word' id='word_1_436' title='bbox 1598 2747 1667 2782; x_wconf 81' lang='lat' dir='ltr'><strong>alii</strong></span> 
     </span>
    </p>
   </div>
   <div class='ocr_carea' id='block_1_7' title="bbox 0 2062 67 3190">
    <p class='ocr_par' dir='ltr' id='par_1_10' title="bbox 0 2062 67 3190">
     <span class='ocr_line' id='line_1_41' title="bbox 0 2062 67 3190; baseline 0 0"><span class='ocrx_word' id='word_1_437' title='bbox 0 2062 67 3190; x_wconf 95' lang='lat' dir='ltr'><strong> </strong></span> 
     </span>
    </p>
   </div>
  </div>
 </body>
</html>
