1898 3190
645 129 909 198 PROPERTn
932 159 1024 196 LIB.
1043 160 1107 198 IV.
1128 164 1160 198 1.
1511 158 1517 162 ’
1590 159 1675 202 155

211 281 257 314 36
327 269 394 314 Ac
424 271 506 314 tibi
535 271 721 314 Fidenas
751 271 884 327 longa
913 272 1007 312 erat
1035 269 1100 312 ire
1129 269 1221 324 uia3

211 341 330 385 35Et
360 342 483 384 stefit
512 341 628 386 Alba
659 344 832 398 potens,
863 341 988 384 albae
1018 341 1107 383 suis
1138 340 1279 383 omine
1309 342 1432 395 nata,

211 423 258 456 34
327 412 405 468 Et,
435 413 508 468 qui
537 428 652 456 nunc
681 413 809 468 nulli,
838 412 1027 455 maxima
1055 411 1185 454 turba
1215 410 1336 454 Gabi.

210 495 256 527 37
268 483 345 527 Nil
374 484 580 539 patrium,
609 485 694 527 nisi
724 498 900 540 nomen,
929 483 1062 525 habet
1091 481 1312 524 Romanus
1345 483 1560 525 alumnus:

329 553 560 612 Sanguinis
590 556 784 599 altricem
813 570 904 598 non
933 556 1056 611 patet
1085 568 1179 596 esse
1208 555 1366 610 lupam.

900 653 925 678 *

782 712 807 738 *
1018 711 1043 737 *

269 780 367 823 Huc
397 781 552 823 melius
582 780 787 837 profugos
818 780 995 834 misisti,
1025 778 1175 835 Troia,
1204 779 1409 834 Penates,

211 862 258 894 40
330 851 428 894 Huc
457 851 574 906 quali
606 853 731 894 uecta
761 853 828 893 est
857 850 1062 893 Dardana
1090 850 1249 906 puppis
1282 852 1377 893 aue!

268 921 363 964 Iam
393 922 503 964 bene
535 922 806 977 spondebant
834 924 937 964 tunc
969 921 1131 975 omina,
1163 921 1278 976 quod
1306 921 1419 963 nihil
1450 921 1570 963 illam

326 993 531 1035 Laeserat
562 993 736 1049 abiegni
767 996 919 1036 uenter
951 995 1126 1047 apertus
1159 993 1274 1048 equi,

268 1063 378 1107 Cum
406 1066 531 1119 pater
560 1063 607 1105 in
636 1064 730 1106 nati
759 1064 953 1119 trepidus
985 1063 1150 1106 ceruice
1181 1064 1405 1120 pependit,

327 1134 388 1178 Et
417 1134 556 1176 uerita
586 1137 654 1176 est
682 1133 885 1177 humeros
916 1148 1039 1176 urere
1068 1133 1244 1176 flamma
1274 1135 1384 1190 pios.

209 1215 255 1248 45
268 1205 389 1248 Tunc
419 1205 552 1247 animi
581 1219 737 1248 uenere
767 1205 874 1248 Deci
903 1205 1114 1260 Brutique
1146 1219 1315 1247 secures
1322 1191 1340 1261 ‚¹

326 1275 459 1319 Vexit
489 1279 533 1319 et
560 1277 658 1332 ipsa
688 1277 755 1319 sui
786 1275 983 1319 Caesaris
1015 1291 1136 1319 arma
1166 1276 1333 1332 Venus,

267 1346 405 1390 Arma
434 1347 699 1404 resurgentis
729 1349 908 1403 portans
939 1347 1134 1406 uictricia
1164 1347 1331 1391 Troiae.

299 1423 302 1426 “
326 1417 446 1461 Felix
475 1421 593 1461 terra
622 1420 722 1461 tuos
753 1418 888 1473 cepit,
917 1417 1028 1474 Iule,
1058 1418 1179 1474 deos,

269 1485 317 1530 Si
345 1489 474 1532 modo
505 1489 739 1531 Auernalis
767 1489 979 1531 tremulae
1010 1489 1175 1543 eortina
1207 1488 1403 1546 Sibyllae

209 1547 256 1601 ⁵6
327 1558 451 1601 Dixit
480 1559 698 1602 Auentino
728 1574 829 1601 rura
859 1559 1019 1614 pianda
1048 1558 1201 1615 Remo,

268 1629 359 1672 Aut
389 1630 427 1672 si
456 1629 717 1686 Pergameae
734 1639 843 1672 'sero
874 1631 969 1673 rata
1001 1630 1195 1673 carmina
1226 1632 1339 1674 uatis

327 1700 608 1758 Longaeuum
638 1701 691 1743 ad
723 1700 886 1743 Priami
916 1716 1019 1743 uera
1049 1702 1167 1743 fuere
1199 1705 1346 1757 caput,

269 1771 460 1815 ‘Vertite
491 1787 666 1828 equum,
696 1771 856 1814 Danai!
889 1772 1000 1814 male
1031 1772 1223 1815 uincitis:
1254 1773 1336 1815 Ilia
1367 1774 1495 1817 tellus

326 1842 476 1898 Viuet,
507 1846 551 1886 et
579 1842 679 1885 huic
711 1842 846 1885 cineri
875 1842 1070 1898 Iuppiter
1100 1858 1222 1886 arma
1251 1844 1400 1887 dabit?

240 2001 335 2042 'Vm
361 2019 459 2043 an'r.
509 2009 555 2041 35
578 2007 670 2041 nata
694 2009 722 2040 F
747 2007 760 2051 fl
784 2010 829 2041 36
855 2006 910 2042 Ac
934 2006 1007 2042 tibi
1029 2007 1179 2052 scripsi:
1205 2007 1284 2043 Hac
1308 2008 1375 2043 ubi
1400 2012 1425 2043 0
1450 2010 1531 2045 Hac
1555 2010 1628 2046 tibi
1653 2022 1676 2049 ς

148 2064 272 2110 mque
295 2063 349 2101 ibi
373 2065 417 2101 L.
445 2065 649 2100 Muellerus
681 2065 687 2109 Ι
719 2064 969 2110 longa—uia
993 2075 1034 2102 ςε
1059 2065 1322 2110 longe—uias
1348 2070 1373 2101 0
1403 2070 1409 2111 Ι
1441 2068 1516 2104 isse
1540 2073 1572 2104 R
1597 2070 1676 2115 ipse

148 2125 180 2157 V
202 2134 272 2168 my.
295 2135 342 2160 m.
366 2127 394 2161 2
435 2124 450 2169 Ι
490 2127 535 2159 37
578 2124 752 2169 patruum
776 2127 804 2156 F
849 2126 855 2167 1
899 2123 1050 2170 nomen]
1077 2134 1207 2158 uerum
1232 2128 1277 2169 F,
1311 2137 1401 2162 corr.
1427 2138 1496 2172 my.
1521 2140 1567 2163 m.
1594 2133 1620 2165 2
1670 2129 1675 2175 Ι

148 2181 346 2228 alumpnus
369 2185 397 2216 r
414 2185 447 2216 Ἡ
475 2183 489 2228 Ι
518 2185 562 2217 38
587 2183 694 2228 patet
716 2182 864 2227 scripsi:
891 2183 1001 2227 putet
1026 2185 1051 2216 0
1076 2182 1194 2233 pudet
1216 2185 1276 2219 uel
1305 2186 1415 2230 putat
1440 2196 1462 2224 ς
1491 2188 1505 2232 Ι
1535 2191 1582 2223 39
1600 2199 1673 2233 sqq.

150 2240 340 2276 cohaerent
369 2242 559 2286 prioribus
588 2242 631 2276 in
656 2244 699 2284 0,
734 2241 969 2276 interstitium
997 2241 1123 2286 posuit
1146 2242 1408 2279 Lachmannus
1449 2246 1463 2290 Ι
1503 2249 1550 2280 40
1591 2246 1674 2282 Huc

148 2299 299 2344 seripei=
323 2298 407 2335 Heu
430 2303 456 2334 0
481 2299 537 2335 En
556 2310 579 2337 ς
599 2299 629 2335 Ο
654 2300 765 2344 uulyo
786 2301 792 2343 Ι
814 2300 854 2344 qi
869 2299 1036 2344 =quasi
1056 2301 1137 2346 (my.
1163 2312 1207 2336 m.
1234 2305 1260 2337 2
1286 2302 1402 2348 quali)
1426 2307 1454 2338 F
1470 2303 1599 2350 [pupis
1623 2306 1677 2351 ῈΙΙ

149 2361 195 2393 41
213 2357 334 2399 Quam
356 2359 451 2394 bene
476 2358 698 2393 Fonteinius
713 2357 719 2404 Ι
736 2357 861 2393 omina
878 2361 910 2392 V
932 2369 1000 2404 my.
1020 2371 1065 2394 m.
1086 2363 1130 2404 2,
1155 2363 1203 2395 X:
1230 2361 1356 2397 omnia
1381 2365 1406 2396 0
1423 2362 1428 2409 Ι
1443 2364 1560 2411 quod]
1582 2368 1674 2411 puto

149 2427 261 2461 quom
295 2418 301 2462 Ι
335 2417 422 2452 illos
446 2417 686 2453 Schraderus:
710 2417 817 2452 illam
842 2420 867 2451 0
902 2418 916 2463 fl
951 2421 997 2453 42
1039 2418 1228 2464 ambiegm'
1252 2423 1280 2454 r
1305 2421 1474 2467 ambigui
1499 2425 1582 2468 (my.
1601 2435 1675 2469 pro

149 2486 230 2512 τιατ.
258 2476 334 2511 lect.
360 2475 525 2522 abiegni)
549 2480 578 2510 1>
599 2478 605 2520 Ι
626 2477 759 2526 uentus
781 2480 828 2520 r,
854 2487 946 2522 corr.
971 2488 1018 2512 m.
1043 2481 1069 2513 2
1102 2479 1115 2522 ΙΙ
1145 2482 1191 2513 43
1216 2479 1313 2523 nati,
1337 2481 1393 2515 ita
1418 2484 1444 2514 0
1465 2481 1472 2525 1
1491 2481 1673 2517 tremidus

150 2535 186 2568 1·
205 2534 316 2578 (unde
337 2535 519 2570 tremulus
544 2535 653 2580 Itali)
688 2535 702 2581 Ι
737 2538 782 2570 45
819 2535 917 2571 Hinc
941 2531 1136 2581 Heinsius;
1162 2538 1286 2573 malim
1309 2538 1394 2574 Una
1431 2540 1439 2584 Ι
1472 2550 1607 2575 anuum
1634 2545 1673 2585 1²,

150 2592 244 2629 corr.
268 2603 337 2638 my.
361 2604 407 2628 m.
434 2595 460 2629 2
493 2594 499 2637 1
531 2593 628 2629 decii
652 2604 787 2629 uenere
810 2597 839 2628 r
872 2595 878 2639 Ι
917 2594 999 2630 deci
1015 2599 1052 2629 Ὢ
1070 2598 1117 2631 V:
1143 2595 1239 2631 decii
1262 2600 1290 2630 r
1309 2600 1341 2631 Π
1376 2599 1389 2642 ΙΙ
1425 2601 1471 2633 48
1498 2599 1621 2644 coepit.
1643 2604 1672 2634 1>

151 2651 254 2699 cepit
276 2654 306 2686 Ι
332 2652 346 2696 Ι
369 2655 414 2687 49
441 2651 481 2686 Si
505 2652 616 2688 modo
641 2653 745 2688 certa
768 2652 859 2688 olim
882 2653 1061 2689 Heinsius
1082 2655 1088 2699 Ι
1110 2655 1264 2700 cortyna
1286 2659 1317 2689 V
1337 2663 1343 2701 1
1365 2656 1540 2702 sibill(a)e
1565 2661 1593 2691 F
1612 2661 1645 2692 R
1661 2658 1675 2704 Η

150 2713 198 2746 50
221 2720 298 2746 mm
326 2710 508 2755 intelle903
544 2711 698 2754 fortasse
722 2710 825 2746 Dixit
848 2711 896 2746 ab
926 2713 1062 2747 euentu
1091 2713 1207 2749 uerba
1237 2714 1431 2759 probanda
1454 2716 1552 2751 bono
1579 2715 1675 2759 (iura

151 2768 291 2814 pianda
313 2769 372 2804 uel
395 2768 574 2804 Auentini
598 2769 707 2804 busta
729 2769 867 2815 pianda
890 2770 997 2806 Remi
1015 2771 1249 2818 Fonteinius)
1267 2774 1280 2818 ΙΙ
1299 2778 1342 2809 51
1369 2774 1444 2809 Aut
1468 2774 1514 2820 si]
1542 2774 1615 2810 Seu
1632 2779 1672 2820 Ε,

151 2837 243 2863 corr.
267 2837 336 2873 my.
362 2838 408 2862 m.
432 2828 606 2873 2lrata‚
631 2839 656 2862 n
679 2838 795 2873 supra
818 2841 837 2863 r
860 2840 906 2865 m.
930 2833 975 2874 2,
998 2831 1065 2876 ΕΙ
1094 2833 1140 2865 54
1163 2830 1544 2878 ἱιιρίίιετῖιῐῃίηἰεν
1569 2837 1614 2870 54
1639 2837 1672 2870 et

153 2887 199 2920 65
207 2882 265 2921 ‘in
289 2888 314 2920 0
339 2886 563 2922 cohaerentes
587 2887 823 2925 interstitium
841 2889 969 2935 posuit
992 2889 1252 2927 Lachmamus
