1898 3190
241 159 324 201 116
744 164 1005 200 PROPERTII
1030 166 1118 201 LIB.
1144 166 1207 202 111.
1234 171 1266 203 7.

354 268 438 312 Hic
468 270 621 313 iuuene
654 274 813 317 amisso
846 275 1026 317 classem
1057 290 1146 318 non
1177 275 1308 318 soluit
1338 274 1531 327 Atrides,

413 341 497 384 Pro
530 358 613 398 qua
645 347 836 387 mactata
867 348 934 388 est
965 346 1192 402 Iphigenia
1222 361 1355 389 mora.

297 422 341 453 25
358 412 539 456 Reddite
571 429 725 470 corpus
756 417 906 472 humo,
937 418 1212 473 positumque
1244 418 1289 459 in
1321 417 1508 474 gurgitis
1540 431 1616 459 ora

413 483 594 526 Paetum
627 489 781 540 sponte
812 488 1036 543 tua,-uilis
1068 488 1248 543 harena,
1278 490 1420 544 tegas:

352 554 412 596 Et
444 556 643 610 quotiens
674 557 797 600 Paeti
828 559 1034 601 transibit
1064 562 1198 601 nauta
1230 560 1491 614 sepulcrum,

411 627 541 670 Dicat
573 628 632 670 ‘et
663 630 813 672 audaci
843 633 892 673 tu
922 632 1053 674 timor
1085 646 1178 673 esse
1209 630 1360 687 potes?

351 696 434 753 Ite,
465 702 580 742 rates
615 716 790 757 curuae,
821 704 865 743 et
894 702 972 744 leti
1002 704 1240 757 praetexite
1273 716 1442 745 causas:

294 779 338 810 30
411 770 501 812 Ista
532 785 609 825 per
639 772 850 816 humanas
882 788 999 816 mors
1031 775 1151 816 uenit
1185 776 1278 817 acta
1311 787 1476 816 manus.

352 839 486 883 Terra
517 858 670 897 parum
701 844 995 887 fuerat-fatis:
1028 845 1260 887 adiecimus
1292 844 1450 901 undas,

409 912 628 957 Fortunae
660 916 842 958 miseras
874 917 1069 959 auximus
1103 919 1196 959 arte
1228 917 1333 959 uias.

349 984 523 1027 Ancora
554 987 596 1027 te
627 988 792 1042 teneat,
825 1002 952 1042 quem
983 1003 1071 1030 non
1101 991 1275 1030 tenuere
1306 985 1516 1028 Penates?

409 1055 519 1105 Quid
551 1058 752 1099 meritum
785 1058 920 1114 dicas,
951 1059 1019 1101 cui
1051 1074 1129 1101 sua
1159 1061 1276 1101 terra
1306 1073 1460 1113 parum
1491 1058 1590 1100 est?

291 1137 336 1168 35
352 1126 591 1170 Ventorum
626 1131 708 1184 est,
742 1129 1037 1186 quodcumque
1069 1145 1214 1185 paras:
1245 1130 1352 1173 haut
1381 1130 1470 1171 ulla
1502 1129 1649 1171 carina

409 1196 670 1254 Consenuit,
701 1200 815 1242 fallit
845 1203 997 1256 portus
1029 1203 1072 1242 et
1102 1201 1193 1256 ipse
1224 1201 1363 1242 fidem.

347 1268 516 1312 Natura
547 1271 755 1313 insidians
786 1275 970 1327 pontum
1002 1272 1241 1314 substrauit
1272 1271 1432 1314 auaris:

407 1340 469 1383 Ut
500 1341 581 1383 tibi
614 1342 832 1394 succedat,
865 1343 937 1385 uix
970 1343 1101 1386 semel
1133 1358 1227 1385 esse
1258 1345 1414 1398 potest.

349 1410 460 1453 Saxa
491 1413 774 1468 triumphales
807 1414 972 1470 fregere
1005 1413 1229 1469 Gapharea
1259 1428 1444 1471 puppes,

287 1492 332 1524 40
405 1482 632 1540 Naufraga
664 1499 760 1526 cum
791 1488 917 1528 uasto
951 1484 1132 1527 Graecia
1162 1487 1302 1527 tracta
1333 1485 1422 1526 salo
1455 1486 1532 1526 est.

346 1553 576 1598 Palantum
610 1557 773 1599 socium
803 1557 1168 1599 iacturam'fleuit
1197 1556 1368 1608 Ulixes,

407 1625 458 1667 In
490 1642 606 1669 mare
639 1628 708 1670 cui
741 1628 879 1670 solum
911 1643 999 1670 non
1030 1628 1204 1670 ualuere
1236 1627 1337 1670 doli.

347 1696 472 1747 Quod
505 1699 542 1740 si
575 1701 801 1746 contentus
834 1699 976 1754 patrio
1009 1699 1120 1741 boue
1151 1700 1343 1740 uorteret
1374 1711 1502 1754 agros

324 1897 416 1933 Vin.
443 1911 541 1934 Lacr.
603 1898 768 1934 natantis
800 1901 830 1931 V
867 1910 934 1944 my.
973 1910 1017 1933 m.
1056 1900 1082 1934 2
1119 1908 1241 1943 poena.
1282 1896 1438 1933 minacis
1481 1908 1602 1943 aquae
1638 1898 1756 1933 Lach-

226 1968 384 1992 mannus
418 1957 732 1997 Athamantiadae
765 1957 1026 2003 Hertzberyius
1050 1957 1241 1993 Mimantis
1278 1967 1398 2002 aquae
1428 1956 1607 2002 Ellisius3
1645 1958 1692 2001 ef.
1723 1960 1757 1992 et

227 2016 523 2052 Schneidewinus
550 2018 684 2053 Philol.
711 2017 727 2051 I
754 2021 822 2053 376
848 2028 909 2063 sqq
934 2018 977 2053 de
1002 2020 1074 2052 toto
1094 2018 1169 2052 loco
1187 2018 1199 2062 ΙΙ
1219 2020 1263 2051 23
1289 2015 1359 2051 Hic
1378 2016 1657 2052 Lachmannus:
1677 2016 1756 2051 Nec

228 2079 252 2110 0
277 2076 358 2112 Hoc
382 2081 410 2111 Ε
435 2089 480 2112 m.
507 2080 550 2122 2,
575 2081 624 2123 N,
643 2080 674 2111 V
699 2088 789 2112 corr.
813 2079 817 2122 Ι
854 2076 1025 2112 ammisso
1050 2081 1097 2121 D,
1117 2079 1147 2110 V
1171 2087 1216 2111 m.
1242 2079 1263 2110 1
1295 2076 1308 2120 ΙΙ
1339 2079 1384 2110 24
1408 2075 1610 2122 iphigenea
1634 2078 1666 2110 R
1689 2075 1755 2121 hy-

226 2135 386 2182 pigenea
410 2141 437 2171 F
474 2139 487 2184 ΙΙ
522 2141 568 2172 25
605 2138 717 2173 homo
743 2149 786 2172 ex
810 2138 925 2172 humo
951 2141 982 2171 V
1006 2148 1046 2171 m.
1077 2139 1097 2170 1
1139 2138 1144 2179 Ι
1177 2134 1415 2180 positumque
1439 2135 1479 2170 in
1505 2133 1666 2181 gurgitis
1690 2143 1756 2169 ora

225 2197 372 2240 scripsi:
399 2196 595 2242 positaque
621 2196 761 2242 (posita
786 2198 843 2232 est
867 2198 912 2242 N)
937 2196 976 2231 in
1001 2195 1149 2241 gurgite
1174 2194 1255 2229 uita
1280 2197 1304 2228 0
1332 2193 1568 2240 positumque
1593 2193 1632 2229 in
1657 2204 1754 2228 mar—

226 2254 312 2300 gine
338 2255 442 2301 ripae
470 2256 721 2291 Marklandus
751 2255 988 2301 positumque
1019 2254 1059 2289 in
1083 2253 1247 2300 gurgite,
1280 2253 1409 2297 Venti,
1447 2254 1708 2289 Lachmannus
1742 2251 1756 2299 ΙΙ

226 2318 271 2350 26
309 2315 434 2351 mollis
469 2316 719 2351 Marklandus
764 2316 769 2360 Ι
815 2326 927 2350 arena
951 2318 979 2348 F
1004 2315 1165 2359 idemque
1189 2324 1280 2349 corr.
1307 2316 1337 2347 V
1368 2325 1413 2349 m.
1440 2317 1466 2350 2
1489 2314 1518 2357 ”Ἰ
1568 2313 1700 2358 taegas
1723 2316 1755 2347 1(

226 2375 332 2419 tegat
355 2378 382 2408 F
408 2386 452 2411 m.
481 2379 506 2412 2
531 2375 614 2420 (sua
634 2396 677 2400 ——
696 2376 802 2420 tegat
826 2376 862 2419 ς)
893 2375 904 2420 ΙΙ
936 2377 980 2408 27
1007 2373 1244 2419 sepulchrum
1268 2376 1300 2406 R
1318 2373 1331 2418 ΙΙ
1356 2377 1401 2408 29
1427 2371 1484 2407 Ire
1507 2375 1540 2406 Π
1561 2373 1567 2418 Ι
1589 2372 1754 2417 curu(a)e

230 2435 271 2468 0:
298 2444 429 2469 curuas
458 2434 693 2470 Passeratius
729 2433 734 2479 Ι
767 2433 974 2478 praetexite
1002 2433 1101 2469 Guil.
1129 2431 1341 2468 Fischer-us:
1367 2430 1483 2466 texite
1509 2433 1534 2465 0
1559 2430 1684 2476 (ter-ite
1708 2430 1753 2474 Ε)

226 2493 414 2527 contexite
439 2496 470 2527 V
494 2505 539 2528 m.
566 2497 591 2530 2
619 2504 754 2528 cui-uae
779 2493 832 2528 ite
859 2494 899 2527 et
923 2492 946 2528 l.
973 2492 1089 2527 texite
1116 2502 1138 2530 ς
1169 2493 1181 2537 ΙΙ
1211 2495 1256 2527 32
1294 2491 1461 2526 Naturae
1485 2489 1753 2534 Broulchusius,

225 2553 290 2597 qui
313 2563 348 2587 u.
376 2556 421 2587 37
446 2552 612 2588 Fortuna
636 2553 830 2597 reponebat
847 2552 859 2597 ΙΙ
878 2555 923 2586 33
949 2551 1121 2586 Anchora
1139 2555 1167 2585 D
1181 2553 1211 2584 V
1233 2553 1238 2595 Ι
1261 2561 1372 2595 quam
1397 2560 1441 2584 ex
1460 2560 1570 2594 quem
1589 2559 1681 2585 corr.
1695 2551 1723 2582 r
1741 2546 1754 2594 ΙΙ

226 2614 270 2646 35
296 2611 389 2647 haut
412 2615 459 2646 N:
486 2611 586 2647 haud
612 2615 636 2645 0
679 2613 692 2657 ΙΙ
734 2615 778 2647 37
822 2610 977 2646 insidias
1003 2620 1025 2647 ς
1051 2611 1134 2655 (quo
1159 2613 1302 2654 accepto
1326 2609 1443 2654 ponto
1469 2607 1702 2652 Fonteim'us)
1743 2605 1748 2654 Ι

225 2671 384 2716 puntum
410 2674 457 2714 D,
477 2673 507 2704 V
531 2682 577 2706 m.
603 2674 623 2705 1
644 2671 656 2715 ΙΙ
676 2675 719 2706 39
745 2669 984 2715 triumphalis
1008 2672 1039 2702 V
1060 2671 1065 2712 Ι
1088 2668 1291 2714 carpharea
1314 2670 1346 2701 Ν
1371 2666 1548 2712 capharia
1571 2669 1601 2700 V
1624 2678 1670 2702 m.
1696 2669 1722 2703 2
1744 2665 1750 2712 Ι

225 2741 344 2775 pupes
369 2733 396 2763 F
415 2732 447 2763 N
466 2729 478 2774 ΙΙ
497 2733 542 2764 40
567 2730 685 2765 strata
710 2730 888 2765 Heinsius
912 2729 1022 2774 rapta
1045 2728 1288 2763 Burmannus
1306 2729 1318 2772 ΙΙ
1343 2730 1386 2761 41
1412 2726 1611 2761 Palantum
1635 2725 1752 2761 Heiw

225 2790 320 2825 sius:
346 2788 534 2825 Paulatim
561 2792 585 2823 0
605 2790 617 2834 ΙΙ
636 2794 679 2823 41
708 2788 848 2824 socium
873 2791 922 2824 N:
949 2787 1085 2823 sotium
1112 2790 1137 2821 0
1156 2788 1169 2831 ΙΙ
1187 2790 1232 2821 42
1259 2785 1379 2821 solum
1404 2786 1452 2830 (et
1477 2784 1591 2830 soliti)
1617 2794 1655 2822 5:
1680 2784 1752 2820 soli

226 2853 250 2884 0
269 2851 282 2895 ΙΙ
301 2853 346 2885 43
374 2848 402 2884 Ο
431 2848 462 2883 si
487 2848 748 2884 Lachmannus
769 2849 774 2894 Ι
797 2848 990 2884 contentos
1014 2851 1042 2881 1>
1062 2850 1089 2880 Ὲ
1110 2848 1116 2891 Ι
1137 2847 1231 2895 'pene
1256 2845 1334 2891 (bfi)
1351 2849 1398 2891 Ε,
1423 2855 1515 2880 corr.
1541 2855 1610 2890 my.
1629 2855 1674 2881 m.
1694 2847 1721 2880 2
1742 2842 1748 2890 Ι

225 2909 390 2944 uerteret
414 2912 460 2943 D:
486 2908 650 2943 uerteret
674 2907 783 2942 ceteri

1886 2298 1898 2377 ἑ

1886 2390 1898 2521 ἓ

1879 2558 1898 2639 1

1872 2659 1894 2840 i
