1898 3190
221 161 305 203 134
703 159 967 196 PROPERTII
991 158 1082 195 ΜΒ.
1107 158 1169 195 111.
1197 141 1251 194 1'4.

281 281 323 311 14
397 268 800 312 Thermodontiacis
830 268 963 310 turba
991 268 1192 310 lauantur
1223 266 1364 322 aquis,

281 351 323 383 17
338 340 459 382 Talis
491 342 535 381 et
566 339 756 382 Eurotae
789 339 941 382 Pollux
974 341 1017 381 et
1049 337 1203 381 Castor
1232 337 1407 380 harenis

399 411 501 465 (Hic
532 411 671 453 uictor
702 411 881 466 pugnis,
911 411 983 452 ille
1014 410 1183 452 futurus
1215 408 1374 466 equis),

339 482 457 525 Inter
490 497 598 537 quos
629 481 792 524 Helene
822 481 964 523 fluidis
994 483 1169 523 uersata
1199 481 1367 535 capillis

279 565 325 596 20
398 553 554 595 Fertur
584 567 664 595 nec
694 553 850 594 fratres
884 552 1105 595 erubuisse
1138 552 1251 595 deos.
1307 562 1318 572 ¹

340 624 429 666 Lex
459 624 594 679 igitur
627 622 841 678 Spartana
872 626 993 666 uetat
1025 623 1219 666 secedere
1252 626 1464 679 amantes,

398 694 458 737 Et
490 695 591 736 licet
621 694 666 735 in
696 694 838 736 triuiis
871 694 925 736 ad
955 695 1070 736 latus
1102 709 1195 736 esse
1227 709 1346 750 suae,

339 765 431 808 Nec
462 766 592 807 timor
623 767 699 806 aut
729 765 818 807 ulla
848 767 915 807 est
946 765 1118 808 clausae
1147 765 1302 807 tutella
1332 766 1519 821 puellae,

400 836 492 879 Nec
525 837 669 892 grauis
701 836 862 878 austeri
892 851 1032 891 poena
1063 837 1253 879 cauenda
1282 837 1377 879 uiri.

283 921 328 952 25
343 908 476 951 Nullo
509 908 747 965 praemisso
779 908 831 950 de
862 908 991 950 rebus
1023 910 1117 950 tute
1147 908 1338 963 loquaris

401 980 499 1036 Ipse
530 979 636 1022 tuis:
668 979 826 1035 longae
856 979 976 1021 nulla
1006 980 1179 1035 repulsa
1209 994 1366 1021 morae.

343 1050 445 1093 Non
477 1049 636 1105 Tyriae
667 1051 810 1092 uestes
843 1050 1034 1092 errantia
1064 1050 1227 1092 lumina
1257 1050 1432 1106 fallunt,

402 1122 486 1164 Est
515 1136 654 1177 neque
686 1120 890 1163 odoratae
922 1135 1023 1163 cura
1053 1121 1237 1164 molesta
1267 1135 1427 1164 comae.

343 1194 405 1236 At
434 1195 585 1236 nostra
616 1192 783 1248 ingenti
814 1192 935 1234 uadit
966 1192 1223 1235 circumdata
1253 1193 1399 1247 turba,

285 1277 330 1308 30
403 1263 495 1306 Nec
527 1264 712 1320 digitum
745 1265 932 1319 angusta
963 1265 1028 1305 est
1057 1263 1289 1306 inseruisse
1320 1263 1404 1305 uia.

344 1335 436 1379 Nec
469 1350 577 1392 quae
610 1336 697 1378 sint
726 1335 858 1377 facies
888 1349 966 1377 nec
998 1349 1106 1390 quae
1138 1335 1224 1377 sint
1255 1335 1387 1377 uerba
1417 1334 1635 1392 rogandi„

404 1407 622 1450 Inuenias:
655 1421 827 1448 caecum
857 1409 1004 1449 uersat
1035 1410 1202 1449 amator
1232 1406 1326 1448 iter.
1349 1430 1363 1438 κ

348 1479 471 1530 Quod
504 1479 540 1520 si
571 1478 666 1520 iura
696 1478 811 1520 fores
843 1478 1065 1532 luctasque
1097 1478 1267 1519 imitata
1296 1477 1532 1532 Laconum,

408 1549 560 1593 Carior
590 1549 671 1592 hoc
703 1563 818 1591 esses
848 1551 897 1591 tu
928 1549 1053 1604 mihi,
1083 1548 1240 1598 Roma,
1271 1549 1398 1606 bonp.

587 1667 608 1681 δ

323 1833 415 1869 VAR.
441 1845 539 1868 nnc‘r.
594 1835 637 1867 14
664 1831 948 1867 Termodonteis
974 1831 1112 1878 (—tiacis
1137 1843 1182 1868 m.
1207 1833 1249 1877 2)
1274 1835 1302 1866 Β
1328 1831 1692 1875 Termodo{ntiacis
1718 1833 1755 1878 (o

229 1894 348 1938 erasa)
374 1895 403 1925 V
435 1890 782 1927 Termodoonciacis
814 1896 843 1925 Β
869 1891 1239 1927 Thermodoontiaeis
1270 1894 1302 1925 N
1341 1892 1346 1936 Ι
1385 1891 1562 1927 lauantur
1584 1897 1613 1926 1)
1632 1894 1663 1926 V
1693 1892 1754 1937 (σῇ

229 1953 282 1988 III
298 1956 352 1996 17,
366 1952 445 1997 28):
464 1951 614 1986 lauatur
631 1954 659 1984 r
674 1953 706 1984 Π
725 1952 768 1995 (V
787 1961 831 1987 m.
852 1952 915 1996 2);
933 1952 1095 1996 uagatur
1113 1951 1292 1986 Heinsius
1310 1951 1417 1996 (idem
1434 1951 1547 1997 agris,
1565 1950 1670 1996 equis
1689 1951 1726 1997 ς)
1744 1950 1757 1998 Η

233 2039 275 2070 17
291 2034 393 2070 Talis
406 2034 554 2079 scripsi:
571 2033 698 2076 Qualis
713 2036 737 2067 0
757 2034 761 2080 Ι
778 2033 899 2068 arenis
920 2033 1084 2069 Volscus:
1100 2032 1246 2068 athenis
1261 2035 1285 2066 0
1300 2034 1357 2077 (ex
1370 2011 1505 2078 affluis)
1515 2032 1671 2069 habenis
1683 2036 1716 2068 et
1727 2036 1755 2066 r

230 2098 263 2130 et
287 2097 317 2127 V
342 2093 410 2139 my.
431 2105 476 2128 m.
497 2095 539 2138 2,
565 2096 613 2136 N3
639 2092 687 2128 ad
712 2092 831 2127 undas
853 2093 949 2128 Itali
966 2093 978 2137 ΙΙ
999 2097 1041 2128 19
1061 2092 1196 2128 helena
1219 2096 1247 2126 F
1272 2103 1316 2128 m.
1343 2094 1369 2127 2
1388 2092 1543 2127 helenae
1561 2090 1612 2139 ΒΙ
1634 2090 1756 2127 fluidis

230 2153 379 2198 scripsi:
398 2151 507 2188 nudis
525 2155 549 2186 0
567 2151 570 2198 Ι
587 2153 736 2188 uersata
754 2153 903 2197 scripsi:
930 2154 988 2187 est
1013 2152 1157 2187 armata
1174 2155 1202 2185 F
1221 2152 1367 2187 armata
1383 2155 1412 2186 Β
1431 2153 1462 2184 V
1487 2161 1620 2197 capere
1644 2150 1756 2186 armis

230 2216 258 2246 F
277 2223 345 2258 my.
371 2223 416 2247 m.
442 2215 468 2248 2
495 2222 628 2257 capere
654 2222 758 2247 arma
781 2214 813 2245 H
835 2214 839 2254 Ι
862 2210 1008 2256 capillis
1035 2214 1077 2246 0:
1102 2210 1253 2256 papillis
1271 2214 1299 2244 F
1318 2222 1364 2246 m.
1389 2214 1434 2255 2,
1459 2211 1584 2256 111121
1610 2221 1650 2246 se
1674 2211 1755 2246 the-

231 2272 318 2307 dere
342 2275 370 2306 F
395 2283 440 2307 m.
467 2275 487 2306 1
508 2273 520 2316 ΙΙ
539 2275 583 2306 22
609 2270 682 2305 isse
707 2270 886 2305 Heinsius
903 2272 916 2315 ΙΙ
934 2274 978 2305 23
1004 2270 1139 2306 tutella
1156 2273 1203 2304 V:
1229 2270 1348 2305 tutela
1367 2271 1473 2306 ceteri
1490 2271 1567 2317 1124
1591 2268 1758 2306 hausteri

231 2334 263 2365 R
299 2332 312 2376 ΙΙ
347 2335 392 2366 27
417 2330 502 2365 Non
529 2333 571 2364 0:
598 2330 676 2365 Nec
700 2333 732 2363 N
766 2331 771 2374 Ι
805 2328 890 2364 tirie
914 2332 941 2362 F
977 2329 990 2373 11
1026 2333 1070 2364 28
1097 2328 1273 2364 adoratae
1298 2332 1329 2362 N
1362 2330 1368 2373 1
1407 2340 1535 2365 comae
1563 2328 1755 2364 Ganterus:

233 2389 335 2425 domi
361 2392 385 2423 0
418 2391 429 2435 ΙΙ
461 2393 504 2424 29
530 2389 671 2435 ingenii
695 2391 727 2423 N
745 2390 758 2434 ΙΙ
783 2393 827 2424 30
852 2388 916 2423 uia
939 2391 970 2421 V
995 2399 1105 2432 coron,
1130 2391 1177 2422 R:
1202 2389 1269 2424 tua
1290 2392 1319 2422 Β
1347 2389 1394 2433 (et
1417 2391 1448 2421 V
1470 2388 1624 2432 fortasse
1646 2399 1692 2424 m.
1717 2388 1756 2433 1)

232 2446 302 2484 nia
326 2449 406 2494 (sic)
430 2453 457 2482 F
487 2450 501 2494 ss
531 2453 574 2483 31
603 2449 695 2494 sint,
719 2460 744 2483 n
769 2460 813 2483 m.
840 2451 866 2484 2
891 2450 1099 2492 suppuncta
1123 2448 1165 2482 in
1191 2450 1219 2480 V
1255 2449 1260 2491 Ι
1294 2446 1358 2492 qui
1383 2459 1411 2483 s.
1436 2447 1559 2483 aditus
1579 2446 1758 2482 Heinsius

235 2518 330 2554 quae
356 2507 405 2543 sit
428 2507 551 2543 facilis
575 2507 834 2552 Burmannus,
859 2507 924 2552 qui
942 2517 1056 2552 porro
1082 2506 1145 2541 det
1169 2519 1203 2542 u.
1230 2506 1378 2552 roganti
1406 2508 1413 2550 Ι
1439 2505 1582 2552 rogand
1606 2507 1639 2539 N
1661 2516 1756 2540 mar-

233 2568 317 2613 yiue
341 2567 579 2613 abscissolff33
606 2566 746 2602 feresN
762 2566 766 2613 Ι
783 2566 977 2611 laetasque
991 2565 1228 2601 Fonteiuius:
1252 2576 1469 2611 pugnasque
1494 2568 1520 2599 0
1536 2563 1707 2612 lleonnm
1725 2566 1757 2598 Π
