1936 3216
750 171 1128 210 PROLEGOMENA.
1653 170 1705 205 [X

183 285 398 341 uidemus,
427 287 479 327 ut
511 285 641 340 prout
670 283 791 326 uaria
820 281 949 324 lectio
982 281 1282 324 coniecturaue
1314 294 1408 322 sese
1439 278 1710 322 commenda-

179 357 259 400 bat
287 357 453 400 scribae
490 355 768 411 reciperetur:
805 352 1097 396 constantiam
1138 351 1300 394 scilicet
1337 349 1483 392 iudicii
1515 364 1540 391 a
1571 349 1708 392 doctis

179 428 269 472 illis
303 429 350 471 in
385 429 479 470 arte
517 427 755 469 etiamtunc
790 423 968 467 rudibus
1006 423 1183 465 minime
1215 422 1418 464 debemus
1450 423 1711 476 exspectare.

182 499 329 555 itaque
359 500 663 554 praeterquam
699 495 814 552 quod
844 509 972 550 saepe
1004 494 1215 537 secundae
1246 493 1439 535 familiae
1472 492 1708 547 scripturas

181 569 331 626 elegit,
367 576 410 612 N
445 569 607 611 multas
646 580 815 624 quoque
851 565 1119 609 coniecturas
1157 580 1183 606 a
1220 578 1350 606 manu
1381 563 1569 605 secunda
1598 563 1645 604 in
1673 570 1709 606 F

182 642 277 684 etv
286 640 527 696 adscriptas
547 639 730 682 inseruit
746 638 896 681 textui.
934 639 1035 680 sunt
1053 637 1184 680 etiam
1203 649 1353 678 uersus
1373 634 1583 689 nonnulli,
1603 649 1710 689 quos

183 711 275 754 siue
294 711 347 753 dc
365 725 444 754 suo
466 711 558 753 siue
577 726 629 754 ex
647 711 768 753 fonte
786 709 913 752 nobis
931 709 1082 765 ignoto
1102 707 1289 750 mutauit
1307 707 1344 749 is
1370 706 1443 762 qui
1461 712 1504 748 N
1523 705 1710 765 scripsit.

182 781 339 838 quodsi
367 781 469 824 talis
499 782 600 824 libri
630 783 721 824 tam
747 780 936 836 suspecti
967 780 1110 822 uarias
1143 779 1350 821 lectiones
1383 791 1532 819 omnes
1563 777 1609 819 in
1641 791 1712 832 ap-

181 854 339 909 parata
356 876 358 878 v
373 855 524 895 nostro
564 853 712 896 critico
754 851 1044 907 exhibuimus,
1083 850 1249 893 duabus
1287 848 1331 891 id
1368 849 1507 892 causis
1549 849 1712 891 factum

186 926 267 967 est.
313 924 502 981 primum
528 924 642 965 enim
665 937 753 965 non
777 922 928 964 inutile
954 924 1021 964 est
1044 921 1200 974 uisum,
1232 919 1462 962 manifesto
1488 919 1712 962 ostendere

182 995 378 1051 exemplo
415 996 624 1050 quantum
661 993 891 1036 discrimen
926 992 1099 1035 intersit
1135 991 1249 1033 inter
1285 991 1424 1034 bonos
1464 990 1629 1033 codices
1669 992 1712 1033 et

184 1058 486 1121 interpolatum
517 1064 670 1107 deinde
700 1079 804 1107 uero
835 1064 880 1106 in
911 1064 1040 1119 longe
1065 1062 1228 1105 maiore
1252 1065 1375 1118 parte
1402 1062 1537 1105 codex
1561 1061 1712 1104 unicus

186 1143 224 1181 Β
251 1136 377 1180 nobis
412 1137 712 1191 repraesentat
741 1136 930 1191 priorem
961 1133 1195 1188 familiam,
1244 1134 1312 1177 cui
1350 1133 1518 1189 plenius
1559 1146 1716 1188 cogno-

184 1207 365 1253 scendae
383 1192 574 1249 eiu’sdem
594 1207 742 1262 stirpis
767 1206 878 1249 liber
896 1212 938 1248 N
963 1207 1113 1260 utpote
1137 1204 1499 1260 interpolatorum
1525 1204 1713 1258 optimus

184 1278 347 1335 aliquid
385 1277 531 1321 saltim
573 1277 750 1320 confert.
809 1291 1070 1333 quamquam
1111 1277 1255 1318 autem
1296 1290 1385 1318 non
1424 1289 1621 1317 ueremur
1661 1289 1714 1316 ne

183 1349 279 1406 quis
308 1349 495 1406 prudens
525 1350 791 1404 pertractata
822 1347 1010 1390 editione
1034 1348 1184 1389 nostra
1209 1345 1415 1387 honorem
1444 1360 1470 1387 a
1495 1344 1712 1399 prioribus

182 1420 395 1464 tributum
431 1418 725 1479 Neapolitano
770 1421 813 1461 et
847 1419 940 1474 ipse
977 1417 1160 1468 tribuat,
1203 1419 1349 1459 tamen
1389 1431 1538 1459 eorum
1584 1430 1714 1458 causa

184 1491 259 1547 qui
293 1490 438 1533 minus
475 1489 522 1532 in
556 1489 624 1532 his
669 1488 994 1545 quaestionibus
1032 1490 1133 1530 sunt
1172 1487 1398 1530 exercitati
1437 1502 1527 1530 non
1570 1502 1714 1542 super-

182 1561 318 1605 fluum
347 1556 518 1604 uidetur
548 1560 726 1616 adicere,
756 1575 968 1616 nusquam
999 1558 1231 1615 quidquam
1262 1573 1356 1601 esse
1382 1558 1568 1601 dandum
1594 1558 1712 1601 illius

187 1631 446 1676 lectionibus
472 1632 534 1673 eis
559 1631 713 1691 quibus
740 1633 978 1674 ceterorum
1002 1629 1213 1672 librorum
1239 1629 1452 1671 bonorum
1478 1644 1713 1671 consensus

187 1703 354 1746 obstat:
385 1702 459 1745 ubi
490 1702 608 1744 solus
639 1716 717 1757 pro
750 1716 796 1744 se
828 1703 917 1744 stat
940 1707 994 1755 N,
1026 1714 1155 1743 sanae
1181 1699 1289 1741 artis
1314 1703 1545 1756 praecepta
1570 1701 1714 1743 omnia

184 1773 366 1818 suadent
389 1788 444 1816 ne
473 1773 574 1830 quid
592 1773 759 1828 priscae
785 1772 1023 1828 scripturae
1047 1771 1160 1814 forte
1185 1769 1359 1813 fortuna
1385 1774 1604 1814 seruatum
1630 1774 1716 1814 sta-

185 1847 371 1898 tuamus,
402 1845 478 1887 sed
507 1847 558 1886 nt
587 1845 825 1887 inmutatae
856 1857 1125 1899 quocumque
1151 1841 1279 1885 modo
1304 1844 1463 1886 ueteris
1482 1844 1716 1887 memoriae

186 1917 376 1973 uestigia
405 1930 693 1973 agnoscamus
701 1915 756 1972 ²⁸).

303 1987 443 2030 Multo
475 1988 608 2030 etiam
638 1987 780 2043 magis
814 2001 943 2042 quam
972 1993 1015 2029 N
1044 1987 1296 2044 interpolati
1328 1990 1430 2030 sunt
1460 1987 1593 2030 ceteri
1626 2002 1715 2030 sae-

187 2058 273 2101 culi
302 2057 384 2101 XV
415 2058 516 2101 libri
551 2058 727 2114 cogniti.
783 2071 886 2099 nam
923 2060 967 2099 et
1004 2058 1064 2113 ei,
1095 2073 1147 2100 ex
1177 2059 1333 2114 quibus
1365 2058 1599 2100 anteriores
1633 2058 1717 2100 edi-

186 2130 306 2172 tores
341 2129 486 2172 uarias
523 2130 797 2185 protulerunt
832 2128 1058 2184 lectiones,
1101 2132 1145 2171 et
1183 2145 1291 2185 quos
1328 2130 1413 2185 ipsi
1450 2129 1717 2184 inspeximus

186 2214 265 2255 per
298 2199 566 2243 diuersorum
602 2201 804 2244 itinerum
841 2201 1209 2255 opportunitatem
1248 2204 1322 2243 aut
1358 2201 1410 2243 de
1451 2201 1605 2256 quibus
1636 2201 1718 2243 uiri

192 2270 309 2314 docti
338 2272 480 2327 rogati
509 2287 589 2315 nos
621 2272 823 2314 certiores
854 2271 1060 2326 fecerunt,
1089 2271 1136 2313 hi
1166 2272 1344 2328 inquam
1375 2271 1542 2314 codices
1569 2286 1717 2314 omnes

187 2341 312 2397 parui
335 2342 551 2384 nulliusne
575 2343 705 2397 pretii
730 2340 858 2398 atque
884 2356 935 2384 ex
966 2342 1131 2385 maiore
1162 2345 1286 2398 parte
1316 2342 1510 2398 proiecta
1540 2343 1716 2385 uiliores

193 2414 296 2455 sunt
333 2412 448 2468 alga.
501 2413 647 2455 nullus
684 2427 833 2456 eorum
865 2413 1048 2456 alteram
1078 2415 1221 2455 utram
1253 2413 1464 2455 familiam
1495 2427 1601 2467 pure
1634 2414 1719 2455 sin-

188 2497 366 2538 cereque
404 2483 561 2538 reddit,
599 2483 673 2526 sed
708 2485 875 2526 textum
913 2498 965 2526 ex
1000 2485 1182 2539 utraque
1219 2484 1359 2539 magis
1391 2484 1588 2526 minusue
1620 2498 1718 2526 con-

189 2553 341 2597 flatum
379 2555 587 2609 nouisque
627 2556 848 2608 turpatum
889 2557 932 2597 et
971 2554 1187 2597 erroribus
1228 2556 1271 2596 et
1306 2554 1718 2609 interpolationibus

292 2682 327 2729 *)
351 2682 391 2718 in
417 2683 497 2719 sola
522 2693 562 2719 re
587 2682 879 2728 orthographica
909 2682 988 2718 fieri
1019 2684 1146 2729 potest
1170 2684 1213 2718 ut
1236 2683 1324 2719 libri
1348 2687 1380 2717 N
1404 2682 1620 2718 testimonia
1647 2682 1720 2717 sin-

195 2739 346 2788 gularia
363 2741 474 2777 fidem
493 2742 716 2786 mereantur,
741 2752 824 2776 cum
849 2741 888 2776 in
912 2741 981 2777 illa
1005 2742 1067 2777 uel
1091 2741 1297 2778 fidelissimi
1322 2744 1447 2778 cetera
1471 2741 1614 2776 librarii
1640 2752 1718 2776 sae-

190 2799 276 2846 pius
295 2812 401 2836 suam
419 2799 539 2835 secuti
558 2798 632 2835 sint
651 2799 957 2836 consuetudinem
976 2800 1205 2846 minimeque
1226 2800 1298 2837 sibi
1319 2800 1562 2837 constiterint.
1604 2811 1718 2845 quare

192 2859 232 2895 in
264 2859 322 2895 his
347 2858 587 2905 Neapolitani
624 2857 783 2894 scribam
813 2858 915 2894 haud
940 2859 1131 2895 indoctum
1157 2860 1340 2906 certisque
1366 2872 1474 2896 usum
1501 2858 1638 2895 normis
1664 2859 1718 2895 in—

191 2917 339 2954 terdum
361 2917 518 2954 meliora
541 2928 708 2954 seruasse
733 2928 808 2954 non
830 2917 956 2964 inepte
983 2929 1117 2955 sumes.
