1936 3216
754 172 1133 212 Pnomoomzm.
1547 155 1551 158 ’
1627 173 1715 208 xm

187 285 319 328 lectio
348 284 472 327 uelles
498 287 564 338 ut,
601 297 687 339 qua
716 283 984 339 ineptissime
1011 282 1065 325 ad
1095 285 1294 325 catenam
1324 282 1375 323 fit
1407 281 1642 336 adlocutio,
1671 282 1720 323 in

188 361 277 398 DV
305 352 506 412 (indeque
536 355 583 397 in
606 361 650 397 N
673 352 864 410 recepta)
895 356 1027 409 extat,
1058 368 1155 396 cum
1179 359 1215 395 F
1238 353 1401 395 habeat
1429 353 1551 395 uellet
1578 356 1636 394 ut.
1674 354 1719 395 et

188 426 272 469 1106
300 426 348 468 in
376 431 415 468 Ο
446 426 550 468 olim
585 426 763 477 lectum,
797 424 904 466 illud
944 424 1000 466 ob
1038 425 1223 466 metrum
1259 423 1517 478 rescriptum
1555 437 1649 464 esse
1682 422 1720 463 si

132 530 140 536 -
189 497 432 552 statuimus,
463 497 640 540 meliore
666 511 796 552 quam
813 495 923 555 *Itali
948 509 1146 537 successu
1176 494 1239 536 sic
1261 493 1602 536 emendabimus:
1634 491 1719 535 ‘sic

187 580 268 611 nos
299 568 461 611 uincire
491 570 646 611 catena
675 567 820 610 Vellet
849 567 916 608 uti
944 565 1215 622 numquam'3
1253 580 1356 607 nam
1387 568 1431 607 et
1461 564 1718 621 frequentis-

188 639 298 682 sime
328 638 425 681 ‘uti’
455 639 566 681 abiit
595 639 642 681 in
674 637 752 680 ‘ut'
785 640 829 679 et
858 637 980 679 fauet
1010 636 1250 678 sententiae
1280 636 1509 678 restitutae
1529 635 1720 678 Pseudo-

189 710 330 753 tibull.
353 709 421 752 III
451 711 492 766 4,
519 710 575 753 15
594 725 675 767 sq.:
706 709 802 751 ‘sed
832 709 978 764 potius
1009 708 1157 750 ualida
1186 710 1411 750 teneamur
1439 710 1620 762 uterque
1652 722 1720 749 ca-

187 783 309 836 tena,
351 779 483 823 Nulla
527 783 656 836 queat
697 780 880 836 posthac
918 794 999 823 nos
1040 779 1223 822 soluisse
1261 778 1387 821 dies'.
1438 779 1500 821 sic
1536 778 1720 834 denique

190 851 257 894 ΠΙ
290 853 364 908 11,
394 852 470 895 35:

367 945 473 990 Tres
504 947 579 989 ubi
608 945 815 1002 Pompeio
847 945 1034 988 detraxit
1063 945 1227 988 harena
1257 945 1501 1000 triumphos
1507 979 1519 1000 ,

189 1067 287 1096 cum
327 1067 412 1108 quo
452 1053 545 1096 iure
586 1056 717 1108 poeta
755 1068 795 1095 11.
827 1053 882 1094 37
903 1067 966 1108 sq.
1005 1053 1150 1095 subito
1189 1053 1243 1094 ad
1282 1052 1427 1107 ipsum
1466 1051 1721 1106 Pompeium

189 1124 324 1167 uerba
353 1124 522 1180 derigat
555 1125 708 1179 lateat,
745 1123 1069 1179 repudiabimus
1106 1123 1213 1165 illud
1250 1127 1331 1166 &es
1371 1123 1444 1166 ubi
1474 1124 1664 1177 pompeio
1696 1138 1722 1164 a

191 1201 279 1238 DV
307 1194 545 1251 horumque
572 1195 742 1238 adsecla
762 1201 805 1237 N
825 1195 1160 1250 suppeditatum,
1191 1197 1236 1236 et
1259 1209 1337 1250 pro
1370 1194 1592 1249 archetypi
1619 1194 1722 1235 scri-

189 1269 322 1321 ptura
349 1266 607 1309 habebimus
637 1265 681 1308 id
713 1266 826 1321 quod
850 1272 887 1308 Ε·
917 1266 1097 1321 praebet
1115 1266 1204 1308 Hec
1228 1265 1304 1307 tibi
1319 1265 1520 1319 pompeio.
1564 1264 1610 1305 in
1636 1278 1720 1318 quo

192 1336 364 1380 (latinus
396 1335 648 1392 ‘Pompeio',
678 1351 775 1379 cum
805 1339 1030 1392 praeterea
1062 1335 1176 1379 ‘tibi’
1209 1337 1264 1378 ab
1295 1335 1401 1379 ‘ubi'
1433 1336 1507 1378 uix
1537 1335 1722 1377 discerni

190 1411 341 1464 posset
377 1408 424 1450 in
454 1414 509 1463 0,
546 1407 688 1450 effecit
722 1410 772 1449 ut
807 1407 998 1450 familiae
1034 1413 1120 1450 DV
1157 1421 1314 1463 parens
1350 1409 1580 1462 reponeret
1616 1405 1723 1447 illud

195 1478 305 1522 ‘tres
335 1478 447 1522 ubi'.

309 1561 370 1604 Et
398 1562 506 1605 haec
537 1562 708 1618 quidem
740 1563 954 1618 exempla,
991 1577 1100 1617 quae
1131 1576 1183 1604 ex
1219 1561 1370 1603 multis
1408 1575 1603 1616 promere
1636 1561 1721 1603 suf-

192 1633 300 1688 ficit,
334 1632 380 1675 id
415 1632 530 1687 quod
566 1633 668 1675 uolo
706 1632 880 1674 docent:
916 1632 964 1674 in
1000 1632 1181 1674 duarum
1221 1631 1485 1674 familiarum
1525 1631 1723 1674 dissensu

192 1704 369 1746 calculis
400 1718 453 1746 ex
476 1717 736 1759 unoquoque
760 1704 855 1746 1060
880 1703 1029 1758 petitis
1054 1703 1209 1746 debere
1237 1703 1434 1758 discerni,
1464 1706 1565 1745 utra
1594 1703 1723 1746 lectio

193 1774 240 1816 in
270 1779 308 1816 Ο
337 1774 485 1829 fuerit,
521 1789 659 1830 neque
689 1789 767 1829 per
798 1789 844 1817 se
874 1774 1129 1817 alterutram
1161 1776 1343 1817 classem
1373 1772 1634 1830 praeualere.
1670 1799 1719 1804 —

193 1859 332 1901 pauca
369 1845 551 1887 adiciam
582 1845 634 1887 de
670 1846 839 1888 ratione
871 1860 980 1902 quae
1017 1846 1131 1888 inter
1168 1846 1364 1901 singulos
1405 1846 1631 1900 utriusque
1662 1845 1723 1887 fa-

194 1915 340 1958 miliae
369 1915 504 1959 libros
535 1916 788 1959 intercedat.
837 1919 881 1958 et
902 1923 940 1958 F
970 1917 1143 1972 quidem
1168 1917 1267 1960 inde
1292 1932 1319 1959 a
1349 1916 1394 1959 H
1422 1919 1459 1972 1,
1478 1918 1536 1959 64
1562 1917 1723 1959 codicis

194 1993 236 2029 A
265 1986 472 2030 societate
515 1989 734 2030 carentem
770 1988 885 2030 ultro
924 1988 1059 2030 claret
1094 1989 1165 2031 uel
1201 1989 1263 2031 ibi
1298 1988 1383 2030 fide
1414 1988 1593 2044 dignum
1631 2002 1724 2030 esse

194 2071 343 2114 posse,
381 2059 459 2100 ubi
501 2058 779 2115 Neapolitani
802 2062 972 2115 ‘utpote
1019 2075 1071 2102 ex
1112 2061 1248 2103 altera
1292 2061 1428 2102 classe
1473 2060 1725 2114 interpolati

197 2143 407 2172 consensu
433 2130 701 2174 destituatur.
739 2131 918 2174 maioris
943 2134 1086 2174 autem
1119 2132 1328 2175 momenti
1357 2132 1434 2173 illa
1456 2145 1566 2186 quae
1593 2131 1724 2172 inter-

195 2200 298 2243 dum
333 2201 449 2244 inter
477 2208 517 2243 D
547 2204 592 2244 et
621 2208 662 2244 V
699 2203 956 2245 obseruatur
985 2203 1210 2245 discordia.
1266 2205 1309 2245 et
1338 2202 1410 2244 hic
1445 2202 1534 2244 fere
1564 2208 1603 2243 D
1639 2201 1724 2255 ipsi

196 2278 238 2316 V
273 2272 377 2315 licet
412 2273 646 2328 antiquiori
681 2276 902 2328 praestare
939 2275 1201 2330 putauerim,
1239 2289 1335 2316 cum
1372 2274 1460 2315 iam
1501 2273 1556 2314 ab
1596 2272 1724 2314 huius

198 2357 328 2385 mann
359 2344 500 2398 prima
531 2343 742 2399 quaedam
773 2345 969 2387 consulto
999 2345 1214 2388 inmutata
1245 2359 1338 2387 esse
1368 2345 1607 2386 uideantur.
1651 2357 1723 2385 ue-

198 2413 279 2456 luti
310 2414 348 2456 si
378 2413 399 2455 I
431 2415 471 2469 8,
500 2413 560 2456 45
589 2420 671 2456 AF
701 2428 899 2467 summos,
928 2422 967 2458 D
1000 2416 1199 2458 similiter
1228 2428 1397 2458 somnus
1425 2413 1560 2455 tradit
1592 2411 1723 2468 (unde

197 2485 269 2526 uel
298 2484 381 2527 hoc
410 2485 481 2527 uel
511 2485 619 2527 illud
649 2485 696 2526 in
728 2485 960 2546 archetypo
992 2486 1127 2528 fuisse
1159 2483 1370 2542 colligas),
1400 2488 1526 2527 certos
1557 2499 1607 2526 ex
1639 2499 1723 2540 quo

198 2555 320 2597 fonte
350 2557 395 2597 et
417 2561 453 2597 Ε
477 2569 531 2599 m.
552 2558 584 2598 2
612 2556 659 2597 in
689 2557 885 2612 margine
910 2560 953 2599 et
978 2563 1022 2599 N
1050 2557 1098 2599 in
1122 2559 1244 2599 textu
1274 2557 1434 2599 habeat
1464 2570 1544 2598 nos
1575 2555 1725 2597 edocet

199 2631 241 2668 V
274 2626 382 2668 illud
418 2626 562 2681 ipsum
599 2626 692 2668 sine
728 2641 880 2669 rasura
915 2629 1144 2683 praebens,
1178 2628 1364 2670 fortasse
1395 2627 1448 2668 ad
1484 2626 1528 2667 Π
1560 2626 1636 2681 29,
1670 2626 1722 2667 19

201 2699 451 2740 correctum.
488 2712 761 2753 quamquam,
791 2698 898 2740 alios
929 2699 1047 2742 locos
1079 2700 1116 2741 si
1146 2699 1410 2755 respicimus,
1440 2711 1519 2739 nec
1549 2697 1628 2739 hoc
1660 2697 1723 2738 in-

201 2767 422 2823 probabile
452 2767 522 2822 fit,
559 2768 648 2809 iam
689 2767 734 2809 in
773 2767 982 2811 librorum
1016 2775 1102 2812 DV
1137 2770 1257 2813 fonte
1288 2769 1497 2825 quasdam
1527 2768 1573 2809 in
1613 2782 1725 2809 mar-

202 2837 301 2894 gine
344 2836 583 2893 adscriptas
627 2852 720 2879 esse
764 2838 854 2880 siue
896 2840 1040 2881 uarias
1082 2840 1288 2883 lectiones
1331 2840 1423 2882 siue
1461 2841 1724 2882 correcturas

203 2922 360 2963 easque
392 2922 418 2949 a
446 2914 488 2950 V
518 2908 563 2949 in
592 2909 759 2950 textum
790 2912 999 2964 receptas.
1042 2912 1138 2952 utut
1168 2910 1250 2952 1106
1282 2925 1328 2952 86
1359 2911 1503 2961 habet,
1534 2910 1726 2952 ubicum-
