1898 3190
665 135 929 173 PROPERTII
954 136 1044 172 LIB.
1069 136 1097 172 Ι,
1126 139 1180 171 13.
1621 136 1676 176 21

270 246 391 289 Haec
421 245 504 288 erit
533 245 711 288 illarum
742 244 980 300 contempti
1010 258 1153 299 poena
1183 244 1366 299 doloris,

214 328 259 359 10
330 316 569 359 Multarum
600 316 780 358 miseras
811 315 954 370 exiget
983 329 1068 356 una
1097 315 1227 357 uices.

270 386 390 430 Haec
420 387 503 429 tibi
532 386 734 442 uulgares
764 386 873 428 istos
905 388 1149 440 compescet
1179 400 1365 442 amores,

328 457 421 501 Nec
449 473 567 502 noua
596 457 837 514 quaerendo
870 471 1039 512 semper
1070 456 1235 499 Adonis
1267 458 1364 500 eris.

269 528 390 572 Haec
421 543 527 572 cano
558 544 647 572 non
675 542 847 571 rumore
877 528 1011 583 malo,
1041 542 1131 570 non
1162 541 1324 584 augure
1354 529 1522 572 doctus:

328 599 431 642 Vidi
462 613 561 655 ego:
592 614 660 641 me
692 613 850 655 quaeso
879 600 992 640 teste
1022 612 1182 654 negare
1211 600 1370 654 potes?

213 682 257 714 15
269 670 374 714 Vidi
404 656 484 726 eg'o
514 673 559 712 te
588 672 684 713 toto
715 670 907 712 uinctum
937 671 1214 727 languescere
1247 671 1358 713 eollo

327 741 389 784 Et
414 741 516 784 flere
546 741 733 798 iniectis,
764 741 905 797 Galle,
935 742 1008 784 diu
1038 742 1257 797 manibus,

268 812 329 855 Et
359 827 514 868 cupere
545 812 707 867 optatis
738 812 928 854 animam
959 812 1171 868 deponere
1201 812 1355 868 labris,

328 884 388 927 Et
418 898 526 939 quae
557 883 709 925 deinde
740 898 861 926 meus
894 883 1024 938 celat,
1055 883 1211 939 amice,
1240 884 1391 939 pudor.

268 955 371 998 Non
401 969 481 1012 ego
513 955 761 1010 complexus
794 954 919 1010 potui
950 954 1165 996 dimittere
1196 958 1384 998 uestros:

211 1037 256 1069 2ο
331 1027 498 1069 Tantus
530 1028 623 1068 erat
654 1026 829 1068 demens
860 1026 975 1068 inter
1006 1028 1211 1082 utrosque
1242 1026 1373 1069 furor.

268 1097 368 1140 Non
400 1098 462 1139 sic
492 1097 734 1140 Haemonio
766 1095 1019 1139 Salmonida
1049 1097 1210 1139 mixtus
1241 1097 1409 1152 Enipeo

329 1168 567 1211 Taenarius
598 1168 714 1210 facili
744 1168 903 1223 pressit
935 1182 1080 1210 amore
1112 1168 1235 1223 deus,

269 1239 362 1283 Nec
393 1240 454 1282 sic
485 1239 932 1295 caelestem-flagrans
964 1254 1086 1282 amor
1115 1239 1315 1282 Herculis
1347 1240 1502 1282 Heben

331 1310 476 1354 Sensit
505 1311 549 1352 in
582 1309 793 1352 aethereis
825 1310 982 1366 gaudia
1011 1310 1152 1365 prima
1182 1310 1309 1366 iugis.

211 1393 256 1424 25
269 1382 370 1425 Una
400 1382 491 1424 dies
523 1381 661 1424 omnis
692 1381 835 1436 potuit
865 1395 1141 1435 praecurrere
1172 1395 1357 1423 amores:

327 1451 440 1495 Nam
470 1452 551 1495 tibi
580 1467 669 1495 non
698 1451 868 1507 tepidas
901 1451 1091 1494 subdidit
1120 1451 1197 1492 illa
1226 1451 1362 1507 faces,

244 1647 337 1682 Vm.
362 1660 461 1682 nnc-r.
510 1651 532 1682 9
557 1646 636 1681 Nec
660 1650 689 1679 1>
707 1648 739 1679 V
763 1645 819 1690 (in
841 1645 908 1680 hoc
930 1655 1022 1680 corr.
1047 1656 1092 1681 m.
1119 1647 1162 1689 2)
1195 1647 1199 1689 Ι
1233 1644 1352 1680 illatis
1376 1649 1405 1679 P
1430 1658 1473 1681 m.
1500 1651 1521 1682 1
1554 1649 1558 1691 Ι
1590 1659 1675 1684 con-

148 1706 244 1741 tenti
268 1709 316 1752 A,
334 1710 363 1740 r
386 1718 432 1742 m.
458 1710 479 1741 1
507 1707 551 1751 (V
574 1717 620 1741 m.
645 1706 717 1750 2)ss
744 1708 787 1739 10
813 1703 965 1749 exinget
987 1707 1018 1738 A
1044 1707 1050 1748 Ι
1078 1705 1227 1748 u{ices
1251 1708 1282 1738 A
1306 1706 1362 1749 (in
1386 1716 1459 1740 ras.
1486 1707 1539 1751 ο),
1565 1718 1676 1743 uoces

149 1768 178 1799 r
201 1776 247 1800 m.
271 1769 292 1800 1
330 1767 343 1811 ΙΙ
382 1770 423 1801 11
450 1765 581 1810 H(a)ec
604 1767 633 1798 r
657 1776 703 1799 m.
729 1767 773 1807 2,
798 1766 828 1797 V
852 1775 897 1799 m.
923 1767 967 1807 2,
992 1766 1040 1799 11:
1066 1763 1144 1798 Nec
1165 1766 1190 1796 0
1230 1763 1236 1809 Ι
1279 1766 1490 1808 compescet
1514 1769 1542 1799 Ε
1566 1778 1612 1801 m.
1637 1771 1676 1811 2,

149 1827 181 1858 V
204 1835 272 1870 my.
297 1836 343 1859 m.
369 1828 413 1869 2,
437 1827 486 1860 R:
512 1825 710 1869 componet
735 1825 759 1856 0
778 1824 791 1868 ΙΙ
812 1826 853 1857 12
880 1821 1021 1857 Adonis
1046 1822 1139 1866 (coll.
1160 1820 1240 1856 C'at.
1261 1825 1324 1866 29,
1349 1824 1384 1866 8)
1409 1825 1559 1869 scripsi:
1586 1825 1677 1860 ami·

151 1895 215 1919 cus
246 1886 271 1917 0
309 1884 398 1928 (nisi
427 1884 523 1929 quod
553 1882 721 1927 eunicus,
755 1882 851 1927 quod
882 1892 975 1916 corr.
1006 1891 1074 1926 my.
1100 1892 1145 1916 m.
1171 1883 1215 1924 2,
1239 1882 1280 1925 F)
1314 1880 1463 1926 iniquus
1495 1884 1675 1930 Guyetus;

149 1953 225 1978 mm
248 1942 569 1978 commendam-im
593 1943 756 1986 amator,
789 1952 870 1976 eum
894 1941 985 1985 uayi
1008 1943 1041 1975 et
1065 1941 1308 1975 inconstantis
1333 1943 1508 1978 amatoris
1531 1945 1678 1979 notione

150 2002 198 2036 sit
221 2012 314 2046 opus
335 2003 349 2048 ῃ
375 2005 418 2036 13
452 2001 553 2036 Haec
577 2011 669 2036 cano
693 2012 768 2036 non
796 2000 928 2045 scripsi
952 2000 1069 2044 (Mus.
1096 1999 1211 2035 Rhen.
1237 2004 1300 2043 31,
1326 1996 1425 2045 638);
1451 2002 1580 2046 Η(3,)ρο
1606 2014 1676 2048 ego

150 2072 231 2096 non
250 2063 276 2094 0
301 2061 349 2106 (et
371 2063 399 2094 F
424 2063 456 2095 et
480 2062 512 2093 R
536 2071 581 2096 m.
607 2063 628 2094 1
655 2071 720 2095 mn.
748 2061 850 2104 ego),
881 2070 951 2104 quo
975 2061 1120 2093 seruato
1145 2059 1206 2094 aio
1225 2071 1297 2105 pro
1322 2060 1422 2096 malo
1448 2061 1641 2106 Hauptius
1669 2062 1672 2106 Ι

152 2148 251 2183 uago
276 2137 369 2172 coni.
394 2136 585 2171 Francius
606 2139 611 2180 Ι
638 2146 774 2181 augere
799 2139 844 2179 F,
869 2138 901 2168 R
926 2147 971 2169 m.
991 2139 1010 2169 1
1038 2115 1149 2180 (augze
1174 2137 1217 2178 A)
1237 2137 1249 2179 ΙΙ
1270 2139 1312 2170 15
1338 2136 1482 2170 uintum
1507 2140 1534 2170 F
1560 2149 1605 2173 m.
1624 2142 1646 2172 1
1675 2145 1677 2182 Ι

155 2200 199 2231 16
223 2195 373 2231 iniectis
396 2200 426 2230 1>
444 2198 474 2229 V
500 2198 541 2239 (F
565 2207 611 2230 m.
637 2199 694 2238 2):
728 2194 769 2229 in
798 2194 906 2229 lectis
929 2197 960 2227 A
977 2197 1005 2227 F
1030 2194 1177 2229 inlectis
1201 2198 1233 2228 R
1274 2196 1287 2239 ΙΙ
1331 2198 1372 2229 17
1413 2196 1552 2240 aptatis
1576 2197 1677 2232 Bur-

150 2265 309 2291 mannus
338 2254 475 2290 oblatis
500 2254 712 2290 Huschkius
741 2252 904 2289 obtentis
934 2253 1194 2299 Hertzberyius
1234 2257 1239 2298 Ι
1277 2253 1392 2289 labris
1426 2255 1675 2291 Passeratius:

151 2313 276 2350 uerbis
299 2316 325 2347 0
350 2313 525 2348 membris
539 2312 709 2360 ‘Scaliqer
730 2312 736 2358 Ι
764 2316 807 2347 19
834 2312 1021 2348 dimittere
1039 2313 1189 2357 scripsi:
1216 2313 1389 2348 diducere
1408 2313 1504 2358 (ded.
1524 2317 1552 2347 F
1571 2326 1617 2349 m.
1637 2317 1674 2359 1)

152 2376 204 2418 ⁰3,
230 2373 292 2408 sed
316 2373 407 2418 quid
436 2372 614 2407 sententia
647 2372 811 2416 requirat
839 2371 940 2406 docet
963 2371 980 2405 I
1008 2375 1069 2416 10,
1089 2375 1109 2406 9
1151 2373 1165 2417 ΙΙ
1206 2377 1250 2407 21
1294 2372 1471 2420 hemonio
1502 2376 1532 2406 V
1561 2385 1607 2409 m.
1633 2377 1675 2410 2:

152 2431 299 2468 emonio
326 2434 351 2465 0
376 2430 550 2466 hemonio
574 2433 607 2464 11
635 2432 641 2475 Ι
671 2430 848 2466 salamon.
874 2433 904 2464 A
922 2434 954 2464 Π
979 2430 1159 2466 salomon.
1184 2434 1212 2464 F
1239 2431 1246 2476 Ι
1272 2431 1406 2467 missus
1430 2435 1458 2465 F
1482 2432 1530 2476 (et
1553 2436 1582 2466 D
1606 2444 1675 2478 my.

148 2502 220 2538 pro
243 2502 326 2527 aar.
352 2491 444 2535 lect.)
465 2491 472 2534 Ι
494 2501 540 2525 en
562 2489 649 2535 ipeo
674 2490 882 2534 (coniunxit
906 2501 951 2525 m.
977 2491 1019 2534 2)
1043 2493 1071 2523 r
1096 2501 1140 2525 en
1166 2489 1283 2537 ipe—A
1307 2490 1467 2536 enipheo
1491 2495 1520 2524 1)
1539 2494 1570 2524 V
1593 2493 1606 2535 Ι
1631 2495 1675 2526 22

154 2549 333 2586 Tenarius
356 2552 387 2583 A
404 2553 433 2583 1)
452 2551 502 2594 R,
532 2552 565 2583 et
589 2559 634 2584 ex
658 2548 839 2584 Denarius
863 2559 956 2584 corr.
981 2552 1009 2582 r
1054 2550 1060 2592 Ι
1105 2548 1224 2593 possit
1247 2553 1292 2593 Ε,
1323 2561 1415 2585 corr.
1447 2561 1517 2594 my.
1542 2561 1587 2585 m.
1613 2554 1639 2586 2
1666 2551 1676 2595 ΙΙ

153 2612 200 2644 24
223 2608 264 2643 in
287 2607 471 2644 aethereis
496 2607 655 2653 (eth'eis)
682 2607 789 2643 Gom.
814 2607 1070 2653 Rossberyius:
1100 2607 1140 2643 in
1170 2608 1291 2643 etheis
1316 2612 1347 2643 A
1377 2609 1438 2644 ine
1462 2609 1560 2643 theis
1585 2612 1612 2642 1²
1637 2608 1676 2643 in

154 2690 322 2726 minaeis
345 2693 378 2724 n
407 2690 449 2725 in
472 2677 592 2740 &heis
617 2693 648 2724 v
673 2689 775 2738 (4912
799 2700 891 2726 corr.
911 2702 957 2726 m.
976 2691 1036 2735 2),
1059 2690 1099 2725 in
1124 2690 1268 2726 oetheis
1285 2695 1314 2725 n
1339 2691 1388 2726 ab
1414 2691 1562 2726 Oetaeis
1586 2690 1674 2725 Sca-

141 2750 263 2797 tumr,
294 2760 365 2794 quo
389 2753 531 2796 accepto
562 2749 663 2794 rogis
688 2749 912 2785 Schraderus
937 2750 1029 2786 coni.
1066 2750 1080 2794 ΙΙ
1110 2753 1155 2784 25
1181 2760 1308 2786 omnes
1333 2753 1363 2784 A
1381 2753 1409 2783 r
1427 2752 1460 2783 R
1492 2751 1498 2793 Ι
1531 2759 1676 2784 amores

157 2808 433 2844 Lachmanmas:
460 2810 627 2844 amantes
652 2811 678 2843 0
703 2810 847 2845 amatas
870 2808 1047 2844 Ezdikius
1088 2809 1101 2854 ΙΙ
1142 2812 1187 2844 26
1215 2809 1340 2855 Nam]
1366 2809 1489 2844 malim
1514 2808 1592 2842 Iam
1617 2807 1677 2843 uel

155 2867 264 2904 Nune
283 2869 289 2913 Ι
309 2867 375 2903 ille
397 2870 430 2902 V
451 2879 496 2903 m.
523 2871 549 2905 2
1074 2874 1078 2877 ’
1494 2873 1497 2875 ’
