1898 3190
626 159 889 195 PROPERTH
910 159 1000 196 ΠΒ.
1027 161 1055 196 1.
1081 162 1137 196 15.
1165 164 1219 197 16.
1620 161 1679 203 25

273 267 411 318 Quam
440 269 518 310 tua
547 268 628 310 sub
658 271 807 311 nostro
838 271 1031 311 mutetur
1058 271 1233 324 pectore
1262 283 1382 312 cura:

333 336 401 381 Sis
432 338 728 395 quodcumque
758 340 899 391 uoles,
929 355 1018 382 non
1050 341 1195 383 aliena
1224 343 1389 396 tamen,

204 456 208 459 ,
270 408 386 453 Dum
415 410 498 452 tibi
527 425 583 453 ne
612 411 722 453 uiles
751 411 827 453 isti
857 412 1084 454 uideantur
1114 412 1258 467 ocelli,

330 479 413 523 Per
442 495 551 536 quos
583 496 708 537 saepe
738 480 847 524 mihi
876 481 1039 524 credita
1069 483 1247 538 perfidia
1277 486 1355 526 est.

211 561 258 594 35
270 549 364 594 Hos
393 553 443 593 tu
471 551 663 607 iurabas,
694 553 732 595 si
762 552 864 608 quid
894 553 1078 595 menfita
1106 553 1280 608 fuisses,

329 621 393 664 Ut
421 622 504 665 tibi
537 623 773 678 suppositis
805 623 1048 666 exciderent
1077 625 1298 667 manibus:

267 692 330 736 Et
358 696 508 736 contra
538 707 745 750 magnum
764 697 899 750 potes
930 695 1012 737 hos
1043 696 1243 738 attollere
1274 697 1429 751 solem,

328 762 420 807 Nec
450 765 600 807 tremis
631 765 843 808 admissae
875 767 1048 809 conscia
1078 767 1325 823 nequitiae?

269 835 375 886 Quis
406 838 451 878 te
482 837 666 892 cogebat
695 838 854 879 multos
885 838 1047 892 pallere
1069 838 1241 881 colores

210 917 256 949 40
328 906 390 949 Et
417 907 567 949 fletum
598 908 750 950 inuitis
781 908 935 951 ducere
965 909 1232 951 luminibus?

270 976 375 1027 Quis
405 991 487 1033 ego
518 993 632 1020 nunc
662 993 817 1033 pereo,
848 980 1010 1021 similes
1041 981 1284 1023 moniturus
1316 986 1511 1024 amantes

328 1047 380 1091 ‘O
410 1048 540 1090 nullis
570 1052 711 1091 tutum
742 1051 913 1094 credere
942 1051 1191 1094 blanditiis?

845 1326 970 1372 XVI.

268 1425 387 1476 Quae
417 1427 583 1470 fueram
614 1429 786 1485 magnis
818 1430 922 1472 olim
952 1431 1170 1486 patefacta
1200 1431 1450 1486 triumphiS‚

323 1497 461 1540 Ianua
491 1498 700 1555 Tarpeiae
730 1504 836 1543 nota
867 1502 1119 1557 pudicitiae,

267 1567 401 1612 Cuius
431 1570 619 1612 inaurati
650 1571 920 1614 celebrarunt
949 1573 1103 1615 limina
1133 1588 1283 1616 currus

325 1639 559 1695 Captorum
588 1641 780 1684 lacrimis
811 1642 988 1685 humida
1018 1644 1307 1700 supplicibus,

232 1709 394 1753 §Nunc
424 1724 523 1766 ego,
553 1712 772 1754 nocturnis
803 1715 1003 1767 potorum
1035 1714 1181 1756 saucia
1211 1715 1335 1770 rixis,

323 1780 502 1824 Pulsata
532 1782 721 1838 indignis
754 1798 879 1839 saepe
910 1799 1067 1839 queror
1097 1786 1318 1840 manibus,

263 1851 324 1894 Et
353 1852 461 1894 mihi
490 1867 579 1895 non
609 1854 765 1896 desunt
794 1858 942 1909 turpes
973 1856 1156 1911 pendere
1189 1858 1375 1900 corollae

229 1933 252 1964 8
325 1921 503 1977 Semper
534 1926 577 1965 et
606 1925 770 1967 exclusi
800 1925 925 1981 signa
954 1926 1094 1968 iacere
1123 1927 1252 1971 faces.

208 2003 250 2035 11
264 1991 357 2035 Nec
386 1995 532 2036 tamen
562 1994 640 2036 illa
671 2011 747 2038 suo
779 2000 1009 2040 reuocatur
1038 2013 1214 2054 parcere
1245 1996 1405 2056 famae,

239 2167 332 2204 Vn.
357 2181 456 2205 mer.
507 2173 548 2204 31
589 2172 717 2206 nostro
750 2171 919 2207 imitetur
951 2175 1116 2209 mutetur
1140 2178 1171 2209 A
1205 2178 1219 2220 [Ι
1253 2181 1299 2212 33
1326 2176 1423 2212 Dum
1448 2176 1518 2212 tibi
1541 2177 1673 2221 scripsi

145 2227 272 2272 (Mine.
299 2227 388 2263 Orit.
408 2240 450 2273 p.
477 2230 553 2273 ⁷7):
579 2229 699 2272 Quam
724 2231 794 2266 tibi
820 2234 845 2265 0
871 2230 992 2274 Quam
1016 2233 1111 2269 mihi
1136 2245 1175 2280 ς,
1200 2247 1274 2280 qua
1292 2247 1419 2282 praua
1444 2236 1592 2271 lectione
1616 2236 1671 2270 in-

144 2286 222 2322 nisi
244 2287 315 2322 alis·
344 2287 423 2323 alia
451 2289 675 2332 temptabant
710 2290 723 2334 ΙΙ
771 2294 816 2325 35
851 2291 998 2328 uitabas
1022 2297 1067 2338 r,
1093 2305 1185 2329 corr.
1210 2306 1279 2340 my.
1308 2296 1314 2340 Ι
1341 2295 1441 2340 quod
1465 2298 1495 2329 A
1513 2299 1541 2328 F
1576 2296 1590 2340 fl
1626 2299 1670 2330 36

145 2345 352 2381 exciderint
374 2351 404 2380 D
422 2349 454 2380 V
477 2348 491 2392 Ι
516 2350 562 2382 38
587 2347 722 2383 amisse
746 2352 775 2382 F
799 2361 844 2385 m.
869 2354 890 2385 1
914 2352 919 2395 Ι
945 2351 1115 2396 nequicie
1139 2356 1171 2387 A
1194 2355 1387 2399 nequiciae
1412 2359 1441 2388 1)
1465 2355 1479 2399 fl
1503 2358 1547 2389 39
1574 2354 1672 2397 Quid

144 2408 174 2438 D
192 2407 224 2438 V
247 2405 302 2449 (in
326 2406 392 2441 hoc
416 2416 506 2442 corr.
532 2417 577 2442 m.
604 2408 646 2451 2)
667 2408 673 2451 Ι
693 2408 817 2444 nullos
842 2411 934 2445 coni.
954 2411 1149 2456 Heinsius3
1174 2414 1299 2449 malim
1322 2414 1443 2450 multo
1468 2426 1505 2459 p.
1531 2414 1668 2457 colore,

142 2466 187 2498 ut
209 2464 275 2499 hoc
298 2464 358 2499 ali
380 2464 510 2500 inuitis
528 2464 731 2501 luminibus
756 2470 981 2504 contrarium
1004 2471 1054 2505 sit
1089 2473 1102 2516 ΙΙ
1138 2475 1182 2506 ⁴1
1208 2472 1408 2508 moriturus
1429 2476 1461 2507 Π
1479 2485 1526 2510 m.
1545 2477 1566 2508 1
1588 2481 1598 2513 ζ,
1624 2477 1669 2508 42

145 2521 344 2558 blandiciis
367 2526 399 2557 A
416 2528 445 2558 1>

238 2592 335 2628 XVI.
385 2594 498 2630 Noua
528 2595 641 2640 elegia
671 2607 752 2632 cum
782 2598 889 2634 titulo
920 2600 1035 2636 uerba
1064 2600 1199 2638 ianuae
1230 2603 1491 2647 conquerentis
1522 2605 1602 2647 (om.
1628 2606 1669 2646 r)

143 2651 187 2686 in
211 2654 237 2685 0
266 2652 281 2696 Ι
311 2655 330 2687 1
355 2652 582 2699 trihumphis
606 2657 637 2688 A
666 2656 680 2700 fl
710 2659 732 2690 2
761 2658 915 2703 tarpeye
939 2661 967 2692 1²
995 2662 1000 2703 Ι
1034 2660 1218 2705 pudicicie
1242 2665 1272 2696 A
1301 2663 1315 2707 ΙΙ
1346 2667 1367 2697 3
1391 2663 1534 2697 lumina
1557 2665 1588 2696 A
1605 2666 1633 2695 r
1657 2663 1669 2706 Ιξ

143 2712 167 2744 5
191 2709 315 2747 sautia
338 2714 367 2744 r
401 2712 415 2756 Ι
451 2716 472 2747 6
504 2712 659 2749 Pulsata
682 2712 794 2760 ‘'sepe
818 2727 854 2761 q.
879 2728 927 2753 m.
952 2714 1140 2764 ”indignis
1164 2723 1196 2754 A
1230 2722 1244 2765 Ι
1278 2724 1301 2756 8
1333 2721 1472 2757 exclusi
1496 2722 1667 2765 Lipsius:

145 2767 305 2804 exclusis
330 2772 356 2803 0
395 2771 402 2815 Ι
439 2771 566 2807 tenere
599 2773 680 2818 (my.
707 2785 751 2808 m.
777 2778 804 2810 2
828 2774 964 2820 iacere)
988 2779 1019 2810 V
1054 2779 1068 2823 ΙΙ
1102 2789 1164 2815 uu.
1190 2780 1255 2824 qui
1277 2784 1365 2815 sumt
1388 2781 1430 2815 in
1455 2783 1480 2814 0
1505 2784 1540 2824 9,
1567 2784 1611 2814 10
1636 2783 1669 2815 et

144 2829 202 2870 11,
223 2830 267 2862 12
290 2828 387 2864 inter
409 2839 445 2864 se
462 2832 676 2875 transposui
699 2835 758 2876 (11
779 2837 812 2868 et
832 2838 875 2869 12
894 2835 1032 2871 delebat
1050 2836 1326 2883 ZaeImmnnus,
1346 2842 1475 2884 postea
1495 2839 1538 2873 in
1561 2839 1668 2882 finem

145 2886 320 2922 carminis
342 2888 563 2925 traiciendas
580 2890 755 2936 putabat)
