1898 3190
243 145 299 186 28
748 142 1011 178 PROPERTII
1034 142 1125 177 LIB.
1151 143 1176 177 Ι.
1205 145 1260 179 17.

362 252 548 295 Nullane
579 252 775 307 placatae
808 251 953 292 ueniet
982 249 1158 292 fortuna
1189 249 1433 305 procellae?

423 323 636 367 Haeccine
668 337 804 377 parua
836 337 978 364 meum
1009 321 1136 364 funus
1170 335 1300 363 arena
1328 320 1475 377 teget?

363 395 428 437 Tu
460 396 605 436 tamen
636 394 680 435 in
713 393 866 435 melius
900 407 1051 435 saeuas
1084 395 1281 435 conuerte
1314 392 1545 448 querellas:

306 477 349 508 10
424 464 501 507 Sat
531 465 612 507 tibi
644 465 701 506 sit
731 478 895 519 poenae
926 478 1013 506 nox
1045 466 1087 506 et
1118 464 1264 519 iniqua
1294 463 1418 506 uada.

363 536 434 578 An
466 536 628 591 poteris
661 536 784 578 siccis
816 549 912 577 mea
943 535 1036 576 fata
1066 549 1290 590 reposcere
1323 534 1489 589 ocellis,

424 607 617 663 Ossaque
648 607 765 648 nulla
795 608 872 648 tuo
903 608 1052 649 nostra
1081 608 1226 648 tenere
1258 605 1384 648 sinu?

367 679 406 721 A
438 681 602 734 pereat,
635 679 890 734 quicumque
921 679 1037 719 rates
1069 679 1112 719 et
1143 677 1241 719 uela
1271 676 1444 731 parauit

424 748 594 791 Primus
626 741 671 791 et
701 749 838 791 inuito
871 748 1043 804 gurgite
1075 748 1176 790 fecit
1207 748 1301 790 iter.

309 831 350 862 15
365 820 520 863 Nonne
552 820 635 862 fuit
666 820 804 862 leuius
837 819 1035 861 dominae
1066 819 1313 874 peruincere
1344 833 1484 861 mores

425 890 650 948 (Quamuis
683 891 806 946 dura,
836 893 984 932 tamen
1015 906 1112 933 rara
1142 890 1286 945 puella
1314 890 1432 947 fuit),

368 963 505 1013 Quam
537 963 598 1004 sic
630 962 792 1018 ignotis
825 962 1089 1004 circumdata
1120 962 1249 1004 litora
1281 962 1401 1004 siluis

428 1033 611 1076 Cernere
644 1036 686 1075 et
718 1036 893 1088 optatos
926 1048 1126 1088 quaerere
1159 1033 1455 1090 Tyndaridas?

367 1105 463 1147 Illic
495 1106 531 1147 si
563 1120 646 1160 qua
678 1120 821 1147 meum
855 1105 1110 1159 sepelissent
1140 1104 1231 1147 fata
1263 1105 1473 1160 dolorem,

309 1188 354 1219 20
427 1176 618 1219 Ultimus
651 1178 693 1217 et
723 1177 868 1230 posito
901 1178 1037 1218 staret
1070 1191 1215 1219 amore
1246 1177 1374 1232 lapis,

369 1248 450 1289 Illa
482 1262 576 1289 meo
609 1261 732 1289 caros
765 1247 970 1294 donasset
1000 1247 1149 1290 funere
1181 1248 1336 1300 crines,

428 1318 620 1360 Molliter
651 1321 694 1360 et
724 1321 873 1360 tenera
903 1321 1082 1373 poneret
1113 1333 1212 1361 ossa
1242 1334 1361 1374 rosa3

369 1390 453 1432 Illa
484 1404 624 1431 meum
659 1391 850 1431 extremo
882 1390 1112 1431 clamasset
1142 1390 1316 1444 puluere
1347 1379 1522 1443 nomen,

429 1460 489 1503 Ut
520 1461 626 1502 mihi
657 1476 745 1503 non
775 1461 863 1503 ullo
894 1461 1081 1515 pondere
1112 1463 1226 1502 terra
1256 1461 1380 1503 foret.

313 1543 356 1574 25
372 1532 431 1574 At
462 1547 539 1575 uos
573 1546 809 1588 aequoreae
840 1531 1031 1574 formosa
1063 1531 1222 1574 Doride
1253 1535 1398 1584 natae,

430 1603 620 1646 Candida
651 1603 764 1645 felici
796 1603 951 1645 soluite
982 1602 1080 1644 uela
1110 1605 1233 1645 noto:

373 1674 419 1717 Si
450 1675 620 1731 quando
653 1677 819 1716 uestras
851 1674 1002 1716 labens
1034 1674 1170 1717 Amor
1202 1675 1351 1731 attigit
1381 1674 1536 1737 undas,

432 1746 670 1788 Mansuetis
703 1745 818 1788 socio
850 1746 1012 1800 parcite
1043 1745 1252 1789 litoribus.

350 2006 439 2041 VAE.
466 2019 563 2042 mcor.
623 2011 643 2042 8
668 2008 809 2042 harena
833 2012 861 2040 D
880 2010 910 2040 V
946 2007 958 2051 ΙΙ
995 2010 1014 2041 9
1053 2005 1222 2050 querelas
1249 2009 1273 2039 0
1300 2006 1355 2050 (in
1373 2008 1403 2039 A
1426 2016 1472 2040 m.
1498 2008 1524 2040 2
1550 2004 1649 2049 add.)
1685 2004 1698 2049 ss
1736 2007 1777 2039 11

254 2078 448 2112 reposcere
472 2068 604 2112 scripsi
635 2067 759 2111 (Misc.
788 2067 876 2102 Crit.
897 2077 938 2110 p.
967 2067 1040 2109 ¹18):
1072 2076 1249 2111 reponere
1276 2068 1300 2099 0
1333 2074 1519 2110 opponere
1545 2073 1567 2100 ς
1597 2060 1779 2108 exponere

257 2126 442 2162 Graeuius
459 2127 472 2172 ΙΙ
493 2130 534 2161 15
561 2126 619 2161 Ha
637 2129 667 2159 A
685 2129 712 2159 F
738 2126 797 2160 Ah
817 2126 922 2161 ceteri
944 2127 949 2169 1
971 2126 1009 2159 et
1034 2125 1133 2160 bella
1151 2128 1178 2158 F
1197 2125 1209 2169 ΙΙ
1231 2127 1272 2159 15
1298 2123 1416 2159 leuius
1437 2126 1479 2158 0:
1505 2122 1638 2158 melius
1664 2132 1686 2160 ς
1703 2123 1716 2167 ΙΙ
1737 2126 1780 2158 16

256 2197 342 2221 cara
367 2189 397 2219 V
422 2197 466 2221 m.
493 2188 519 2221 2
555 2186 568 2230 ΙΙ
607 2187 649 2219 18
688 2185 836 2230 optatas
861 2189 889 2218 Ι)
909 2187 939 2217 V
964 2184 1019 2228 (in
1043 2184 1108 2218 hoc
1133 2193 1223 2218 corr.
1250 2194 1295 2217 m.
1323 2183 1361 2227 2)
1402 2183 1408 2227 Ι
1446 2181 1540 2218 tind.
1573 2184 1604 2216 A
1621 2185 1649 2215 F
1685 2182 1699 2227 fl
1737 2185 1779 2217 19

257 2245 396 2292 meum]
418 2245 567 2281 demum
591 2248 638 2289 A,
664 2255 730 2279 om.
749 2247 777 2277 F
801 2245 844 2279 in
869 2245 935 2278 lac.
963 2247 986 2278 6
1011 2244 1078 2279 litt.
1102 2245 1107 2288 1
1130 2241 1348 2288 sepelissent
1371 2252 1416 2278 m.
1442 2244 1463 2276 1
1490 2252 1534 2277 ex
1551 2239 1782 2287 peperissent

258 2316 349 2341 corr.
371 2308 418 2349 A,
444 2304 675 2350 peperissent
699 2307 726 2338 F
751 2304 833 2349 (my.
859 2315 904 2338 m.
931 2306 956 2340 ,2
982 2314 1106 2338 meum
1131 2301 1333 2347 rupissent)
1352 2302 1429 2346 1120
1454 2300 1577 2336 Ultius
1599 2303 1628 2334 F
1652 2311 1698 2335 m.
1723 2304 1744 2335 1
1773 2299 1778 2347 1

259 2363 428 2410 exposito
454 2364 638 2399 Graeuius
660 2365 664 2408 1
687 2363 826 2398 honore
852 2362 948 2397 Itali
964 2363 977 2407 ΙΙ
996 2365 1039 2396 21
1067 2373 1168 2397 meos
1193 2372 1278 2397 caro
1303 2363 1333 2394 V
1357 2372 1402 2396 m.
1428 2360 1548 2405 21126
1573 2361 1662 2395 noto
1686 2363 1715 2393 1)
1733 2361 1780 2394 V:

261 2424 374 2460 choro
399 2427 430 2458 A
448 2426 475 2457 Ε
494 2425 526 2456 Ν
555 2424 568 2469 ΙΙ
600 2427 643 2458 27
670 2434 735 2458 om.
761 2426 788 2456 1⁷
815 2422 871 2467 (in
895 2433 962 2467 my.
990 2422 1073 2457 add.
1100 2433 1144 2456 m.
1171 2424 1212 2462 2)
1243 2423 1256 2466 ΙΙ
1288 2424 1332 2455 28
1364 2419 1460 2456 sotio
1485 2423 1513 2453 Ι)
1533 2422 1579 2463 r,
1597 2421 1628 2452 V
1651 2430 1696 2455 m.
1723 2422 1744 2453 1
1774 2417 1778 2463 Ι

259 2483 384 2518 malim
410 2482 551 2518 socium
576 2482 723 2528 porgite
744 2482 750 2527 Ι
771 2480 941 2517 thoribus
966 2484 993 2514 13·
1017 2492 1062 2516 m.
1092 2483 1112 2515 1
