1898 3190
238 152 297 195 60
715 156 977 193 PROPERTII
1002 158 1092 195 LIB.
1117 159 1162 194 ΙΙ.
1189 163 1253 196 14«

935 339 1060 388 XIV.

356 439 456 482 Non
487 441 551 484 ita
581 441 805 485 Dardanio
838 444 1012 499 gauisus
1044 443 1200 487 Atrida
1231 446 1450 502 triumpho
1482 450 1568 503 est,

415 511 523 554 Cum
555 513 757 556 caderent
782 529 966 570 magnae
998 515 1305 559 Laumedontis
1337 533 1457 574 opes,

355 582 447 625 Nec
480 584 540 641 sic
572 599 714 626 errore
745 588 894 628 exacto
926 587 1111 628 laetatus
1142 586 1311 643 Ulixes,

414 653 522 696 Cum
553 656 699 711 tetigit
730 670 852 698 carae
883 657 1011 699 litora
1041 656 1284 714 Dulichiae,

319 724 447 767 5Nec
479 726 540 768 sic
571 726 765 777 Electra,
798 727 966 769 saluum
997 743 1094 770 cum
1125 730 1295 784 aspexit
1325 723 1537 788 Orestem,

413 795 544 839 Cuius
576 797 687 839 falsa
717 799 868 840 tenens
901 798 1079 841 fleuerat
1111 815 1210 843 ossa
1241 801 1358 856 sinu,

353 866 444 910 Nec
474 868 534 911 sic
566 869 823 911 incolumem
855 869 1013 913 Minois
1046 871 1215 914 Thesea
1245 873 1371 928 uidit,

410 939 669 982 Daedalium
700 941 789 983 lino
822 956 919 983 cum
953 942 1057 985 duce
1088 943 1200 986 rexit
1230 944 1330 996 iter,

355 1010 526 1061 Quanta
558 1025 639 1067 ego
671 1013 907 1067 praeterita
937 1014 1092 1070 collegi
1124 1015 1281 1070 gaudia
1311 1018 1458 1058 nocte:

295 1092 339 1123 10
412 1082 662 1125 Inmortalis
695 1098 791 1138 ero,
823 1084 859 1126 si
891 1085 1026 1127 altera
1056 1086 1158 1127 talis
1191 1087 1284 1128 erit.

353 1152 414 1195 At
445 1168 542 1196 cum
574 1154 772 1198 demissis
805 1156 983 1211 supplex
1015 1157 1252 1200 ceruicibus
1283 1158 1418 1211 ibam,

412 1226 600 1269 Dicebar
631 1227 743 1270 sicco
774 1227 903 1270 uilior
934 1243 1026 1271 esse
1058 1229 1164 1271 lacu.

352 1297 442 1340 Nec
474 1297 581 1340 mihi
612 1299 699 1341 iam
731 1299 868 1342 fastus
901 1315 1116 1355 opponere
1150 1302 1320 1357 quaerit
1350 1302 1538 1359 iniquos,

411 1367 502 1410 Nec
534 1369 640 1411 mihi
670 1370 864 1424 ploranti
894 1371 1014 1413 lenta
1044 1372 1189 1414 sedere
1221 1375 1375 1427 potest.

294 1450 337 1481 15
352 1438 495 1495 Atque
527 1440 693 1482 utinam
725 1456 814 1483 non
845 1444 935 1484 tam
968 1457 1062 1485 sero
1096 1443 1202 1485 mihi
1231 1446 1338 1486 nota.
1367 1443 1523 1487 fuisset

413 1508 639 1553 Condicio!
671 1511 803 1554 cineri
832 1527 946 1555 nunc
977 1512 1189 1555 medicina
1219 1514 1356 1557 datur.

353 1579 468 1624 Ante
500 1581 629 1637 pedes
663 1582 799 1624 caecis
830 1582 1002 1625 lucebat
1033 1584 1188 1626 semita
1217 1584 1363 1628 nobis:

411 1650 583 1695 Scilicet
614 1653 768 1695 insano
799 1667 925 1696 nemo
957 1654 1002 1696 in
1034 1669 1178 1698 amore
1208 1655 1338 1698 uidet.

351 1723 447 1766 Hoc
478 1724 592 1766 sensi
624 1724 825 1779 prodesse
856 1724 1015 1781 magis:
1048 1726 1326 1782 contemnite,
1358 1729 1570 1770 amantes:

292 1806 337 1838 20
413 1795 484 1838 Sic
514 1795 640 1838 hodie
672 1796 901 1847 ueniet„si
932 1810 1017 1851 qua
1047 1796 1224 1853 negauit
1253 1797 1357 1839 heri.

351 1866 590 1909 Pulsabant
621 1866 695 1908 alii
727 1867 890 1909 frustra
921 1866 1224 1923 dominamque
1256 1869 1490 1912 uocabant:

409 1937 577 1980 Mecum
608 1937 762 1980 habuit
792 1937 980 1992 positum
1011 1939 1127 1980 lenta
1156 1939 1303 1993 puella
1333 1942 1474 1994 caput.

350 2008 470 2051 Haec
502 2008 608 2051 mihi
639 2008 820 2051 deuictis
852 2009 997 2064 potior
1027 2009 1210 2051 uictoria
1240 2009 1432 2062 Parthis,

327 2149 433 2186 T’Esr,
498 2155 559 2196 14,
588 2155 617 2186 1.
682 2150 919 2187 Charisius
952 2164 988 2197 p.
1022 2154 1079 2195 67,
1113 2151 1230 2206 11,K·³
1271 2150 1373 2186 ‘nam
1407 2151 1615 2187 masculina
1644 2152 1755 2188 modo

234 2209 303 2245 ‘es’
331 2210 442 2246 modo
470 2210 522 2245 ‘a’
551 2209 782 2246 nominatiuo
815 2221 900 2246 casu
926 2211 1070 2246 ueteres
1103 2210 1398 2247 terminauerunt
1430 2210 1537 2246 uelut
1555 2239 1563 2247 .
1579 2239 1587 2247 .
1603 2238 1636 2247 ..
1654 2210 1755 2247 Atri-

231 2269 315 2314 des,
341 2267 489 2314 Atrida,
515 2270 557 2304 ut
579 2269 809 2315 Propertius:
834 2270 919 2305 Non
940 2291 981 2295 —
1001 2269 1222 2315 triumpho'.

327 2423 418 2459 Vin.
445 2436 543 2458 macr.
595 2423 691 2460 XIV.
742 2424 855 2458 Noua
879 2424 992 2469 eleyia
1021 2435 1102 2458 cum
1131 2424 1238 2459 titulo
1269 2424 1315 2460 de
1346 2424 1557 2469 receptione
1581 2424 1620 2460 in
1645 2425 1755 2461 nocte

232 2483 274 2517 in
299 2485 323 2516 0
361 2484 372 2528 ΙΙ
412 2487 428 2518 1
468 2484 526 2518 est
552 2486 594 2518 0:
620 2494 687 2519 om.
714 2483 906 2519 Charisius
941 2484 954 2528 ΙΙ
990 2487 1102 2518 totum
1127 2495 1162 2518 u.
1189 2488 1210 2519 2
1235 2495 1302 2520 om.
1328 2488 1372 2528 F,
1404 2484 1487 2519 add.
1514 2494 1582 2529 my.
1607 2495 1654 2520 m.
1679 2487 1706 2520 2
1745 2482 1751 2530 Ι

230 2542 392 2577 laumed.
419 2545 462 2577 0:
489 2542 648 2578 laomed.
675 2546 704 2577 V
729 2555 774 2578 m.
802 2545 846 2585 2,
870 2545 901 2576 Π
919 2543 932 2588 ΙΙ
950 2547 971 2578 3
997 2543 1135 2577 letatus
1161 2543 1290 2578 exacto
1314 2546 1360 2586 r,
1385 2553 1476 2579 corr.
1501 2543 1617 2588 siquis
1640 2546 1782 2590 appo-f

229 2603 312 2637 sitis
335 2613 380 2638 m.
407 2606 432 2637 2
457 2602 470 2646 ss
495 2606 515 2636 5
543 2602 662 2637 eletra
685 2605 728 2644 F;
754 2601 900 2635 Electre
927 2601 1022 2635 Itali
1043 2604 1048 2643 Ι
1077 2601 1220 2636 saluum
1247 2612 1331 2636 cum
1355 2604 1383 2635 r
1401 2603 1448 2636 Νι
1475 2612 1579 2636 suum
1606 2600 1753 2637 saluum

230 2665 258 2695 D
273 2663 303 2694 V
321 2661 447 2706 (eidem
465 2660 545 2695 Nec
564 2664 596 2695 et
610 2662 703 2705 asp.)
725 2661 730 2704 1
752 2660 938 2695 horestem
958 2662 982 2693 0
1003 2661 1068 2703 (-ἐἓ
1089 2661 1149 2704 V):
1176 2660 1321 2695 oresten
1340 2662 1372 2693 Ν
1388 2659 1402 2704 ss
1421 2664 1442 2695 6
1457 2659 1538 2694 sinu
1557 2659 1751 2696 Heinsius:

230 2731 334 2755 soror
359 2723 384 2753 0
417 2731 434 2754 e
457 2721 576 2764 ylossa
611 2720 623 2763 ΙΙ
661 2723 680 2753 7
718 2718 802 2754 Non
826 2718 878 2753 sic
907 2717 1118 2753 incolumen
1141 2723 1170 2753 1>
1190 2721 1236 2763 vg
1273 2720 1426 2762 fortasse
1455 2718 1680 2754 incolumem
1709 2719 1754 2754 ut

230 2778 460 2823 Minoissslo
486 2778 588 2812 Imm.
615 2783 643 2811 Ι)
664 2779 723 2822 vu
745 2782 784 2812 11
813 2778 888 2812 Aut
912 2780 943 2811 Π
967 2789 1012 2812 m.
1038 2781 1058 2812 1
1083 2779 1087 2822 Ι
1110 2789 1194 2813 cum
1217 2782 1246 2812 D
1266 2781 1311 2813 F:
1337 2777 1423 2812 dum
1448 2780 1523 2811 VR
1545 2780 1649 2822 (rm.
1675 2777 1716 2822 2)
1742 2779 1752 2822 H

233 2842 289 2882 13,
311 2841 355 2872 14
374 2840 458 2873 ante
479 2841 520 2871 11
546 2838 740 2881 transponi
764 2837 846 2872 uult
869 2836 1113 2882 Fonteiniusl?
1127 2840 1170 2872 15
1196 2836 1287 2872 mihi
1311 2836 1417 2882 nota]
1442 2837 1566 2872 malim
1590 2836 1755 2879 mutatu

231 2898 321 2932 nata.
345 2896 523 2932 Heinsius
550 2898 563 2941 {1
590 2899 632 2930 16
660 2894 831 2931 Conditio
857 2899 884 2930 F
910 2894 1066 2931 Condito
1091 2899 1123 2930 R
1151 2897 1164 2941 ῃ
1197 2899 1238 2931 17
1265 2894 1414 2939 semitta
1438 2899 1464 2929 F
1482 2895 1495 2940 ΙΙ
1514 2899 1558 2930 23
1582 2893 1700 2940 partis
1723 2897 1752 2928 r
