1898 3190
249 155 306 196 48
579 128 582 131 ’
724 157 983 194 PROPERTH
1007 160 1095 194 Lm.
1123 160 1166 194 11.
1193 165 1225 196 a.
1255 165 1287 196 -ι,

368 262 482 306 Nam
513 264 622 306 nihil
653 265 815 307 inuitae
846 266 985 308 tristis
1017 268 1212 310 custodia
1243 269 1436 336 prodest:

309 345 355 377 40
430 334 567 384 Quam
599 350 776 391 peccare
807 337 957 393 pudet,
990 337 1197 395 Cynthia,
1228 342 1423 383 tutasat
1453 343 1530 384 est.

1003 436 1026 461 *

884 495 907 519 *
1122 496 1143 520 *

366 559 459 603 Νο8
491 575 598 603 uxor
628 576 883 618 numquam,
914 578 1151 619 numquam
1183 564 1353 607 diducet
1381 565 1538 608 amica:

429 630 606 687 Semper
637 633 775 676 amica
805 634 930 686 mihi,
963 649 1131 690 semper
1162 638 1205 677 et
1234 651 1342 679 uxor
1373 637 1470 680 eris.

963 886 1065 936 VII.

368 986 532 1030 Gauisa
564 1003 609 1030 es
641 991 756 1032 certe
789 990 1021 1045 sublatam,
1053 989 1257 1046 Cynthia,
1288 992 1447 1047 legem,

429 1059 523 1109 Qua
554 1061 769 1115 quondam
801 1062 940 1104 edicta
970 1062 1122 1105 flemus
1153 1066 1331 1119 uterque
1363 1063 1453 1119 diu,

370 1131 493 1181 Quod
522 1146 601 1174 nos
635 1133 854 1176 diuideret.
899 1135 1095 1190 quamuis
1127 1134 1323 1176 diducere
1355 1137 1550 1176 amantes

426 1201 529 1244 Non
561 1206 690 1258 queat
720 1204 881 1247 inuitos
912 1204 1107 1260 Iuppiter
1137 1205 1231 1260 ipse
1263 1205 1381 1248 duos.

332 1272 444 1315 5‘At
475 1287 657 1329 magnus
691 1274 877 1318 ans'ar?
928 1276 1000 1318 sed
1034 1290 1217 1332 magnus
1250 1275 1410 1320 Caesar
1440 1277 1486 1318 in
1516 1277 1664 1319 armis:

425 1343 633 1387 Deuictae
665 1348 815 1402 gentes
846 1347 909 1389 nil
939 1347 985 1389 in
1017 1362 1161 1390 amore
1193 1348 1351 1391 ualent.

366 1414 479 1458 Nam
512 1416 636 1459 citius
668 1419 841 1473 paterer
872 1421 1003 1475 caput
1032 1419 1116 1461 hoc
1146 1419 1363 1462 discedere
1395 1419 1525 1474 collo,

427 1487 566 1537 Quam
596 1502 770 1543 possem
801 1491 962 1544 nuptae
993 1491 1168 1545 perdere
1200 1506 1319 1533 more
1350 1490 1479 1533 faces.

367 1557 457 1600 Aut
489 1573 569 1614 ego
601 1560 834 1602 transirem
864 1563 940 1602 tua
971 1561 1123 1604 limina
1155 1561 1302 1603 clausa
1332 1561 1529 1615 maritus,

307 1641 351 1671 10
425 1629 676 1685 Respiciens
709 1624 1009 1686 111118Ρ1011116
1039 1632 1304 1674 luminibus?
1537 1678 1543 1682 ,

365 1702 424 1755 A,
457 1702 572 1744 mala
601 1704 693 1744 tum
725 1703 866 1758 qualis
899 1706 1072 1746 caneret
1103 1705 1182 1746 sub
1214 1703 1321 1745 tibia
1353 1717 1546 1758 somnos,

427 1772 575 1828 Tibia,
606 1773 778 1816 funesta
807 1774 976 1817 tristior
1006 1775 1083 1817 illa
1113 1775 1235 1817 tuba!

1000 1873 1023 1897 *

882 1932 904 1956 ιιι
1119 1931 1141 1955 *

365 1997 491 2041 Unde
523 1999 628 2041 mihi
659 1999 812 2054 patriis
844 2001 970 2041 natos
1002 1999 1208 2053 praebere
1239 1997 1502 2053 triumphis?

423 2070 582 2113 Nullus
614 2071 666 2112 de
697 2073 845 2113 nostro
878 2070 1087 2126 sanguine
1119 2070 1243 2111 miles
1275 2072 1378 2111 erat.

342 2185 435 2222 VAR.
463 2200 562 2224 metr.
625 2192 669 2223 39
713 2188 798 2223 Nan
833 2191 860 2221 Ε
896 2189 909 2233 11
946 2191 988 2222 41
1029 2186 1180 2222 diducet
1215 2186 1478 2221 Lachmannus
1514 2186 1614 2230 (post
1657 2185 1778 2221 Volsci

246 2245 406 2281 deducet
430 2247 549 2282 eodem
572 2257 680 2282 sensu
699 2247 962 2292 propositum):
989 2257 1048 2281 me
1074 2245 1186 2281 ducet
1210 2248 1235 2279 0

340 2304 421 2341 V11.
470 2306 584 2342 Noua
608 2307 721 2352 eleyia
745 2317 826 2341 cum
849 2306 956 2341 titulo
982 2305 1028 2340 de
1053 2304 1206 2350 cynthia
1232 2303 1427 2351 (cinthiam
1450 2304 1492 2349 F)
1519 2305 1560 2339 in
1585 2306 1610 2338 0
1642 2304 1656 2350 ΙΙ
1687 2307 1704 2338 1
1733 2314 1772 2339 68

247 2363 473 2400 Schraderus
497 2369 530 2400 et
553 2365 813 2410 Koppiersius:
840 2365 898 2399 est
922 2367 946 2398 0
978 2365 992 2409 ΙΙ
1016 2368 1036 2398 2
1063 2363 1219 2399 condam
1244 2366 1272 2396 F
1294 2360 1458 2407 [flemus
1483 2373 1521 2400 ⁴3:
1547 2364 1686 2398 stemus
1711 2365 1736 2396 0
1760 2362 1773 2409 ΙΙ

247 2427 267 2458 3
296 2423 403 2466 Quod
427 2425 575 2469 scripsi:
604 2424 699 2467 Quis
721 2427 746 2458 0
772 2423 820 2459 Ni
845 2426 876 2458 Π
907 2423 920 2468 ΙΙ
950 2426 972 2457 4
998 2423 1136 2467 quaeat
1159 2427 1188 2456 Ι)
1210 2424 1215 2467 Ι
1236 2422 1396 2457 inuictos
1420 2425 1448 2455 r
1469 2423 1476 2466 Ι
1496 2421 1635 2467 iupiter
1658 2424 1686 2455 r
1705 2424 1736 2455 Π
1761 2420 1773 2468 ΙΙ

246 2486 266 2517 5
295 2482 376 2528 sed]
404 2494 451 2517 an
476 2486 504 2516 F
529 2495 574 2519 m.
600 2487 620 2518 1
640 2484 653 2528 ΙΙ
673 2487 693 2518 6
718 2483 763 2518 D.
790 2482 912 2528 gentis
932 2502 975 2508 —
996 2482 1099 2516 ualet
1123 2481 1333 2516 Huschkius
1357 2482 1370 2526 ΙΙ
1396 2485 1417 2517 8
1441 2491 1543 2516 more
1568 2484 1596 2514 F
1614 2483 1646 2514 N
1671 2481 1718 2525 (et
1740 2482 1771 2514 V

245 2553 291 2576 m.
317 2542 375 2586 2):
402 2553 527 2578 amore
552 2547 580 2577 D
601 2545 631 2576 V
649 2544 662 2588 n
681 2547 701 2578 9
726 2541 869 2577 lumina
892 2545 920 2575 F
938 2543 951 2587 ss
971 2544 1014 2576 10
1039 2540 1149 2585 undis
1173 2544 1201 2574 r
1226 2540 1319 2576 uelis
1343 2545 1372 2574 Ι)
1394 2541 1400 2584 Ι
1420 2539 1568 2585 perdita
1590 2542 1619 2574 1²
1642 2550 1688 2575 m.
1713 2542 1735 2574 1
1760 2538 1772 2585 ΙΙ

248 2604 290 2635 11
335 2601 368 2635 Α
393 2601 493 2637 mala
517 2602 666 2646 scripsi:
701 2602 734 2636 A
768 2611 851 2636 mea
874 2603 901 2634 r
920 2603 952 2634 N
985 2599 1043 2634 Ah
1075 2610 1158 2634 mea
1181 2603 1209 2633 Ι)
1230 2601 1278 2643 V;
1312 2599 1398 2634 olim
1432 2597 1605 2634 Carmina
1637 2597 1774 2638 conieci

246 2660 372 2705 (Misc.
402 2659 492 2695 Crit.
512 2671 553 2705 p.
581 2661 640 2705 86)
687 2661 692 2704 Ι
738 2660 828 2695 dum
850 2663 878 2693 F
905 2670 1008 2694 cruce
1033 2658 1204 2703 apposita
1249 2659 1255 2701 Ι
1300 2657 1368 2692 sub
1401 2655 1497 2692 tibia
1524 2656 1657 2701 scripsi
1681 2655 1703 2691 l.
1729 2655 1770 2691 1.=

245 2719 342 2755 tibia
366 2723 393 2753 1·'
420 2720 502 2765 (my.
528 2730 573 2755 m.
600 2723 626 2756 2
652 2719 723 2755 tibi
748 2708 848 2765 add.)
879 2718 950 2754 tibi
974 2718 1070 2753 tibia
1093 2722 1122 2752 D
1142 2720 1172 2751 V
1196 2716 1267 2752 tibi
1290 2716 1397 2761 tybia,
1419 2718 1452 2750 Π
1475 2714 1546 2750 tibi
1571 2714 1725 2760 cynthia
1749 2724 1771 2751 ς

245 2777 316 2813 tibi
340 2778 459 2823 Lydia
483 2778 712 2823 Huschkius;
739 2780 818 2814 alia
842 2779 911 2814 alii
932 2787 1151 2823 proposuere
1186 2776 1199 2820 ΙΙ
1234 2787 1258 2810 a
1282 2786 1318 2810 u.
1347 2779 1389 2809 13
1414 2785 1516 2811 noua
1539 2774 1582 2809 in
1606 2776 1632 2808 0
1657 2773 1770 2818 eleyia

246 2839 341 2881 (cum
365 2837 471 2873 titulo
496 2837 545 2872 ad
569 2838 758 2882 cynthiam
782 2839 825 2873 in
848 2842 876 2872 1)
896 2840 943 2871 V:
969 2848 1035 2872 om.
1060 2840 1088 2869 F
1107 2835 1184 2880 11)ss
1206 2839 1248 2869 13
1274 2833 1391 2869 Latiis
1417 2833 1596 2869 Heinsius
1619 2831 1769 2871 Parthis

246 2896 487 2933 Ruhnkenius
509 2901 515 2942 Ι
534 2897 643 2932 natos
656 2900 702 2931 F:
728 2897 861 2942 gnatos
882 2896 987 2931 ceteri
1003 2897 1017 2941 ΙΙ
1039 2899 1081 2930 14
1107 2894 1187 2931 erat
1204 2893 1338 2937 scripsi
1357 2893 1417 2937 (cf.
1432 2892 1466 2926 II
1485 2895 1543 2937 34,
1562 2893 1640 2936 56):
1661 2890 1733 2927 erit
1745 2894 1770 2926 0
