1936 3216
771 155 1152 194 PROLEGOMENA.
1695 159 1727 195 V

199 264 384 314 (lendum
393 263 448 322 *).
497 265 668 321 singula
692 265 884 308 carmina
908 265 1152 309 interuallis
1177 281 1267 310 non
1290 267 1454 310 relictis
1486 267 1730 323 cohaerent,

195 338 247 379 ut
280 338 427 379 tamen
466 335 624 378 litteris
661 335 902 378 initialibus
941 337 1028 394 sint
1065 337 1270 380 distincta
1307 339 1351 379 et
1381 338 1500 380 tituli
1530 354 1557 381 a
1586 339 1727 382 rubri-

196 409 343 451 cature
377 406 425 450 in
460 407 656 463 margine
694 407 842 450 additi.
901 408 1094 463 pertinet
1129 423 1263 464 usque
1295 408 1351 450 ad
1380 408 1424 452 Π
1458 411 1502 465 1,
1534 410 1609 466 63;
1647 425 1726 454 1166

196 479 344 525 tamen
382 478 554 534 plenior
584 481 678 521 erat
707 481 902 534 tempore
932 478 1192 535 Burmanni,
1229 481 1302 536 qui
1333 495 1430 523 eum
1461 481 1726 525 Vossianum

195 548 429 593 secundum
459 547 660 605 designat
684 548 950 605 adnotatque
975 550 1080 593 olim
1104 549 1151 592 P.
1175 549 1344 593 Petauii
1370 550 1518 594 fuisse.
1566 553 1725 596 librum

193 619 463 677 Groningam
492 620 797 663 transmissum
827 620 922 675 ipse
954 635 991 663 a.
1026 622 1138 664 1877
1172 621 1350 664 contuli.

309 698 347 736 F
373 712 431 727 =
456 691 590 735 codex
619 691 934 734 Laurentianus
972 692 1080 747 plut.
1112 693 1182 748 36,
1212 693 1270 735 49
1301 692 1466 736 formae
1498 697 1723 751 quaterna·

191 763 296 819 riae,
325 763 517 819 membr„
546 763 593 805 in
623 762 742 805 foliis
769 763 825 805 73
850 763 1063 805 linearum
1093 764 1150 807 28
1183 765 1324 806 solum
1348 763 1622 821 Propertium
1653 782 1723 809 ex-

192 834 366 890 hibens,
409 834 581 877 saeculo
611 833 694 876 XV
736 834 883 876 statim
929 834 1105 877 ineunte
1148 835 1347 890 scriptus.
1408 837 1455 878 in
1496 837 1583 880 fine
1622 838 1723 881 libri

191 905 353 962 legitur
386 905 512 948 Liber
553 903 711 948 Golucii
740 905 897 960 pyerii,
936 905 1089 948 deinde
1130 906 1184 948 ab
1226 907 1312 948 alia
1353 922 1484 950 manu
1528 907 1722 950 additum

189 978 259 1023 est
284 977 410 1025 Liber
439 975 581 1020 Gosme
618 975 824 1019 Iohannis
859 977 908 1019 de
946 977 1134 1020 Medicis.
1197 976 1397 1021 Colucius
1434 979 1569 1034 igitur
1604 978 1721 1022 Salu-

187 1049 327 1105 tatus,
362 1047 714 1091 Florentinorum
746 1047 1027 1090 cancellarius
1066 1049 1341 1102 notissimus,
1378 1064 1504 1106 quem
1535 1066 1572 1093 a.
1608 1051 1722 1093 1374

189 1134 242 1165 ex
276 1118 506 1163 Petrarcae
541 1119 807 1162 bibliotheca
842 1118 1116 1174 Propertium
1154 1121 1440 1177 anquisiuisse
1481 1121 1628 1176 [praef.
1668 1122 1722 1164 ad

189 1189 285 1235 cat.
312 1205 355 1245 p.
385 1189 427 1232 X
446 1191 525 1245 sq.]
558 1204 769 1246 quemque
802 1205 838 1234 a.
873 1191 987 1234 1406
1018 1193 1238 1233 mortuum
1270 1206 1364 1234 esse
1396 1195 1585 1247 constat,
1616 1194 1721 1236 olim

186 1261 316 1307 huius
352 1261 453 1304 libri
489 1263 583 1304 erat
618 1276 855 1317 possessor.
910 1262 1123 1316 plurimae
1162 1265 1432 1306 correcturae
1471 1265 1631 1320 partim
1670 1279 1721 1307 ex

190 1333 330 1378 altera
359 1331 554 1375 codicum
583 1332 748 1375 familia
778 1333 939 1388 partim
964 1348 1016 1376 ex
1040 1333 1251 1377 Italorum
1275 1335 1532 1378 coniecturis
1557 1337 1720 1391 petitae

187 1404 259 1448 uel
284 1418 417 1459 supra
438 1403 576 1447 lineas
601 1403 672 1445 uel
702 1403 748 1446 in
772 1404 968 1460 margine
994 1403 1161 1460 (addito
1193 1405 1408 1448 interdum
1438 1406 1514 1448 illo
1546 1406 1619 1464 ai)
1649 1407 1720 1449 ad-

188 1475 377 1532 scriptae
413 1477 516 1519 sunt
551 1489 577 1527 a
612 1489 745 1527 Q
774 1475 903 1531 132219
935 1475 1192 1532 ualentiora,
1230 1490 1339 1531 quae
1372 1491 1398 1518 a
1428 1478 1554 1520 nobis
1586 1478 1719 1534 signi·
1754 1480 1761 1486 ”

146 1578 155 1586 .
185 1547 340 1590 ficatur
374 1560 435 1590 m:
459 1548 502 1590 2.
556 1545 627 1588 hic
665 1545 798 1588 codex
835 1561 862 1588 a
898 1561 966 1588 me
1002 1547 1144 1601 primo
1182 1561 1219 1589 a.
1254 1547 1367 1589 1876
1405 1550 1472 1590 est
1509 1549 1719 1604 conlatu8‚

187 1617 263 1660 aed
291 1618 471 1673 propter
499 1616 707 1672 temporis
738 1616 894 1673 quibus
924 1619 1019 1660 tum
1049 1617 1277 1672 premebar
1307 1619 1534 1675 angustias
1564 1635 1718 1675 prope-

185 1688 375 1744 rantius3
410 1687 522 1730 unde
559 1702 667 1743 quae
703 1690 857 1743 postea
887 1688 1179 1731 dubitationes
1210 1689 1316 1732 locis
1356 1690 1577 1732 nonnullis
1619 1691 1717 1733 sub—

185 1762 317 1802 natae
363 1761 482 1814 sunt,
526 1773 598 1801 eas
643 1759 900 1802 conciliante
937 1760 1138 1802 beniuole
1173 1760 1410 1804 Domenico
1449 1760 1718 1817 Comparetti

189 1830 379 1878 eleuauit
406 1829 448 1872 Ν
451 1830 614 1872 icolaus
646 1830 839 1873 Anziani.

303 1900 365 1944 Hi
395 1900 479 1944 duo
505 1900 670 1943 codices
697 1900 752 1943 ad
777 1916 911 1944 unum
937 1902 1135 1958 idemque
1159 1902 1341 1944 redeunt
1365 1903 1590 1959 archetypi
1614 1919 1716 1960 apo-

185 1971 385 2028 graphon
413 1972 572 2015 litteris
604 1974 826 2015 exaratum
857 1974 1034 2016 minutis
1066 1968 1278 2030 saepeque
1309 1974 1424 2016 lectu
1449 1974 1715 2018 difficillimis

185 2045 231 2086 ct
246 2045 470 2099 praeterea
494 2043 761 2098 compendiis
780 2044 1042 2087 instructum
1066 2045 1226 2088 multis.
1268 2046 1402 2088 talem
1428 2045 1586 2088 librum
1611 2061 1716 2089 con-

185 2116 439 2161 sentaneum
470 2116 538 2156 est
571 2115 710 2156 multo
753 2115 922 2157 fidelius
958 2116 1005 2158 in
1039 2123 1097 2171 A,
1138 2115 1328 2158 eiusdem
1369 2117 1528 2158 saeculi
1568 2118 1716 2174 stirpe,

185 2199 282 2228 esse
310 2184 526 2229 redditum
551 2199 680 2240 quam
710 2185 757 2228 111
786 2193 835 2242 F,
872 2187 992 2228 cuius
1022 2187 1223 2235 librarius
1255 2186 1368 2229 aliae
1399 2187 1613 2230 scribendi
1646 2204 1714 2231 ra-

184 2256 295 2300 tioni
331 2256 535 2299 adsuetus
575 2259 620 2299 et
656 2257 830 2312 linguae
867 2257 1029 2300 latinae
1065 2273 1218 2313 parum
1258 2273 1419 2315 gnarus
1452 2261 1555 2301 erat.
1615 2260 1715 2302 hinc

184 2326 360 2382 plurimi
395 2326 444 2368 in
476 2333 513 2368 Γ
551 2341 716 2370 errores
753 2327 993 2382 explicandi
1030 2327 1183 2384 (ueluti
1221 2344 1273 2371 ex
1304 2330 1567 2384 compendiis
1599 2329 1642 2372 II
1674 2331 1714 2384 3,

184 2397 243 2441 26
273 2397 407 2440 uirem
435 2411 515 2452 pro
544 2400 718 2440 matrem
743 2418 799 2432 =
825 2401 967 2451 mium,
996 2398 1042 2442 II
1073 2400 1149 2455 26,
1181 2401 1207 2443 9
1244 2401 1351 2454 ferri
1386 2416 1465 2455 pro
1500 2401 1631 2454 fratri
1657 2422 1712 2436 =

181 2466 286 2525 [ἰὼ
333 2468 389 2510 ob
429 2467 541 2510 hanc
580 2482 754 2511 causam
793 2470 926 2512 etiam
965 2470 1198 2513 dolendum
1238 2475 1306 2515 est
1345 2487 1472 2527 quam
1516 2473 1713 2528 maxime,

185 2539 302 2596 quod
336 2538 464 2581 hodie
500 2552 590 2580 non
626 2539 798 2595 integro
835 2547 876 2584 A
906 2541 1033 2583 nobis
1064 2541 1129 2584 uti
1166 2542 1278 2584 licet.
1327 2543 1389 2585 sic
1427 2543 1542 2585 enim
1579 2543 1624 2585 in
1662 2558 1712 2586 ea

183 2612 322 2666 parte,
351 2609 427 2651 ubi
457 2609 577 2651 solus
608 2616 643 2652 F
675 2611 881 2666 suppetit,
919 2626 1045 2667 saepe
1083 2612 1271 2655 discerni
1306 2614 1455 2669 nequit
1486 2614 1588 2668 quid
1620 2615 1711 2669 ipse

186 2681 279 2722 eius
310 2680 452 2722 scriba
482 2681 724 2735 peccauerit
753 2681 854 2732 quid
884 2697 935 2724 ex
967 2684 1201 2739 exemplari
1235 2699 1313 2727 suo
1345 2685 1586 2740 sumpserit.

281 2784 316 2829 ⁸)
348 2783 401 2820 sic
432 2783 544 2820 solita
568 2784 708 2820 saeculi
731 2784 819 2821 XIV
843 2787 1126 2824 abbreuiatione
1151 2800 1206 2825 ex.
1232 2801 1287 2835 gr.
1312 2801 1374 2825 um
1399 2789 1619 2834 plerumque
1644 2800 1711 2835 per

97 2858 102 2866 ·
184 2842 363 2880 lineolam
386 2842 580 2880 exhibetur
605 2845 642 2890 (ἓ
661 2861 706 2874 =
724 2855 819 2890 cum,
842 2846 922 2882 deun
940 2863 986 2877 =
1005 2848 1158 2893 demum,
1181 2849 1272 2885 illa?
1295 2865 1340 2879 =
1358 2849 1519 2892 illarum,
1545 2849 1711 2893 cori-pere

186 2920 232 2934 =
250 2905 501 2949 corrumpere).
