1898 3190
239 143 323 186 156
698 145 958 182 PROPERTII
982 147 1071 182 LIB.
1097 146 1160 182 IV.
1188 151 1219 184 1.
1247 146 1300 183 1¹³.

989 269 1012 294 *

869 327 892 352 *
1105 327 1129 353 *

295 404 340 436 55
355 394 532 449 Optima
562 394 778 438 nutricum
808 395 971 438 nostris
1000 395 1105 451 lupa
1135 395 1295 439 Martia
1324 398 1472 454 rebus,

416 464 570 515 Qualia
600 469 828 509 creuerunt
859 467 1030 509 moenia
1060 467 1171 509 lacte
1201 468 1295 510 tuo!

354 534 529 579 Moenia
558 552 743 592 namque
774 538 846 593 pio
879 552 1007 580 coner
1038 536 1262 593 disponere
1292 553 1441 582 uersu:

412 606 467 649 Ei
499 608 624 664 mihi,
657 608 770 664 quod
801 611 952 652 nostro
985 611 1050 652 est
1079 624 1239 664 paruus
1271 610 1316 652 in
1349 625 1420 653 ore
1452 613 1601 654 sonus!

354 676 437 720 Sed
469 681 617 722 tamen
650 681 803 736 exiguo
838 680 1132 736 quodcumque
1165 695 1187 722 e
1217 683 1390 736 pectore
1421 682 1504 724 riui

293 759 339 790 60
411 748 623 805 Fluxerit,
653 751 735 793 hoc
766 751 934 806 patriae
967 751 1126 793 seruiet
1157 766 1282 794 omne
1314 766 1445 796 meae.

350 819 518 863 Ennius
550 821 719 865 hirsuta
749 823 897 878 cingat
928 837 1005 865 sua
1037 822 1152 865 dicta
1183 836 1360 866 corona:

410 890 473 933 Mi
503 892 609 935 folia
639 908 691 935 ex
721 893 879 935 hedera
910 894 1099 949 porrige,
1130 893 1318 950 Bacche,
1348 896 1442 947 tua,

355 961 415 1004 Ut
445 963 606 1006 nostris
638 963 874 1006 tumefacta
905 964 1126 1020 superbiat
1156 963 1339 1007 Umbria
1370 965 1509 1021 libris,

411 1032 593 1076 Umbria
623 1034 811 1077 Romani
841 1035 984 1090 patria
1017 1033 1286 1078 Callimachi.

293 1113 338 1146 65
354 1102 618 1148 Scandentes
650 1106 844 1162 quisquis
876 1108 1023 1148 cernet
1054 1107 1105 1148 de
1135 1107 1322 1150 uallibus
1355 1122 1497 1166 arces,

412 1175 593 1232 Ingenio
625 1191 771 1220 muros
804 1178 1003 1220 aestimet
1033 1177 1108 1219 ille
1139 1192 1247 1220 meo.

352 1244 509 1301 Roma,
539 1247 656 1303 faue,
686 1247 768 1290 tibi
801 1248 941 1304 surgit
971 1262 1098 1302 opus:
1131 1248 1230 1291 date
1261 1250 1462 1303 candida,
1494 1251 1626 1308 ciues,

411 1315 582 1374 Omina,
615 1321 658 1360 et
689 1318 871 1374 inceptis
904 1319 1080 1362 dextera
1113 1321 1258 1361 cantet
1288 1321 1395 1364 auis.

354 1387 485 1431 Sacra
516 1388 690 1444 diesque
722 1405 873 1432 canam
906 1393 948 1432 et
978 1390 1236 1446 cognomina
1264 1392 1406 1447 prisca
1437 1393 1645 1437 locorum:

295 1470 339 1501 70
413 1458 505 1502 Has
537 1474 657 1503 meus
690 1460 745 1503 ad
776 1463 914 1535 metas
947 1461 1071 1503 sudet
1102 1463 1274 1517 oportet
1305 1477 1450 1518 equus.

969 1730 1033 1782 1¹².

355 1837 448 1888 Quo
480 1839 570 1881 ruis
602 1838 852 1894 inprudens,
884 1852 1011 1895 uage,
1042 1839 1180 1883 dicere
1212 1841 1346 1896 facta,
1376 1841 1603 1898 Properti?

413 1909 515 1952 Non
546 1912 648 1952 sunt
679 1911 720 1952 a!
753 1910 900 1953 dextro
934 1910 1107 1953 condita
1136 1911 1211 1953 fila
1241 1912 1347 1955 colo.

329 2037 420 2074 VAR.
446 2050 545 2073 macr.
596 2039 641 2073 55
666 2040 700 2073 et
725 2040 768 2072 56
800 2036 845 2071 L.
870 2036 1057 2083 Lanyium
1075 2040 1162 2083 post
1187 2041 1232 2073 38
1258 2038 1442 2074 traiecisse
1463 2039 1573 2084 refert
1590 2040 1759 2087 Heyden-

231 2098 390 2133 reichius
407 2098 420 2143 ss
439 2100 483 2133 55
510 2096 690 2133 nutritum
714 2101 743 2130 1)
763 2099 793 2129 V
819 2097 874 2142 (in
897 2097 962 2132 hoe
989 2107 1009 2132 c
1033 2108 1078 2132 m.
1104 2100 1126 2132 1
1151 2098 1351 2142 suprascr.)
1370 2099 1383 2144 ΙΙ
1402 2101 1446 2134 57
1470 2097 1623 2135 Munere
1640 2111 1676 2136 n.
1695 2100 1759 2145 pio

232 2167 262 2192 0.
290 2155 325 2192 (1.
351 2167 480 2191 uersus
505 2156 550 2190 L.
578 2156 797 2200 Muellerus,
829 2156 893 2191 sed
916 2166 1041 2191 uereor
1065 2166 1110 2191 ne
1134 2156 1247 2191 altius
1271 2157 1454 2201 inflictum
1476 2157 1526 2193 sit
1548 2158 1688 2194 uulnus
1711 2160 1759 2196 ab

230 2225 269 2251 eo
294 2215 359 2260 qui
382 2215 571 2260 fraymina
595 2215 726 2250 dissita
751 2215 891 2260 c'olleyit
921 2215 927 2259 Ι
958 2225 1068 2250 001101·
1096 2218 1138 2250 0:
1165 2225 1278 2250 conor
1302 2225 1324 2253 ς
1359 2216 1372 2261 ΙΙ
1409 2219 1454 2252 58
1478 2215 1529 2261 Ei
1547 2219 1580 2251 Ἡ
1597 2219 1628 2251 V
1651 2216 1707 2263 Ey
1730 2221 1758 2252 r

230 2273 302 2309 Hei
321 2274 362 2309 in
387 2284 459 2309 ras.
485 2278 513 2307 1)
533 2275 545 2318 ΙΙ
564 2278 610 2309 60
636 2272 774 2308 seruiet
799 2276 842 2307 0:
869 2273 1008 2309 seruiat
1026 2283 1049 2311 ς
1067 2273 1079 2319 ΙΙ
1099 2278 1142 2309 61
1163 2273 1316 2310 Emnius
1335 2274 1454 2310 irsuta
1472 2278 1500 2308 r
1521 2276 1527 2320 Ι
1548 2275 1680 2322 gingat
1697 2280 1729 2311 Π
1750 2277 1755 2325 Ι

227 2336 321 2378 puto
349 2343 416 2367 sua
440 2334 611 2377 tempora
636 2331 738 2367 oliua
767 2333 780 2377 ΙΙ
813 2336 857 2367 62
883 2332 996 2368 hacce
1021 2336 1048 2366 F
1074 2332 1192 2368 bache
1217 2336 1249 2367 R
1278 2334 1291 2379 ΙΙ
1322 2338 1366 2370 63
1393 2332 1604 2379 stupefacta
1627 2335 1759 2371 Mark-

229 2392 365 2427 landus
394 2392 407 2436 ΙΙ
439 2395 503 2437 65,
529 2396 573 2427 66
599 2391 835 2436 interpolatos
859 2391 964 2427 habet
988 2391 1268 2428 Luetiohannus
1291 2403 1367 2428 non
1389 2393 1468 2428 sine
1490 2393 1587 2428 iuris
1608 2395 1724 2439 specie
1745 2394 1759 2442 ΙΙ

233 2454 278 2486 65
317 2450 482 2495 quisquis
508 2453 533 2484 0
559 2450 648 2495 (nisi
672 2450 768 2495 quod
792 2449 942 2495 quasuis
967 2451 1025 2494 F):
1058 2450 1088 2485 si
1113 2450 1197 2496 quis
1221 2454 1252 2484 V
1276 2463 1343 2497 my.
1369 2462 1414 2488 m.
1439 2454 1467 2488 2
1512 2452 1518 2496 Ι
1563 2453 1689 2487 cernet
1711 2456 1757 2488 1¹:

238 2509 357 2544 cernit
381 2510 487 2544 ceteri
516 2510 529 2554 ΙΙ
560 2513 605 2544 66
629 2509 822 2555 Ingenium
841 2507 957 2544 muris
972 2529 1013 2534 —
1029 2509 1121 2544 meis
1141 2510 1392 2545 Marklandus
1424 2510 1430 2554 Ι
1460 2509 1609 2546 estimet
1624 2514 1672 2546 11:
1697 2521 1758 2547 ex·

230 2568 340 2604 timet
360 2571 384 2601 0
403 2569 416 2614 [Ι
435 2571 479 2603 68
501 2567 635 2604 Omnia
652 2573 681 2602 Ι)
704 2570 708 2613 Ι
730 2567 889 2613 inceptis
907 2571 935 2601 F
959 2579 1027 2613 my.
1047 2580 1091 2604 m.
1113 2571 1157 2613 2,
1182 2571 1230 2603 N:
1256 2568 1406 2603 incertis
1429 2571 1458 2602 r
1481 2567 1522 2603 in
1545 2569 1655 2605 tectis
1678 2574 1708 2604 1)
1726 2572 1757 2604 V

328 2638 376 2674 ΙΙ).
426 2638 609 2674 Adhaeret
627 2639 751 2684 priori
774 2640 816 2674 in
841 2642 885 2682 ⁰3
911 2648 1046 2674 nouam
1071 2639 1218 2684 eleyiam
1240 2639 1327 2674 Mne
1350 2639 1509 2684 incipere
1531 2639 1758 2685 significauit

232 2698 496 2734 Laehmannus
514 2698 526 2742 ΙΙ
546 2702 588 2733 71
615 2698 722 2743 impr.
742 2703 771 2732 D
790 2701 820 2731 V
842 2699 847 2742 Ι
869 2707 964 2743 uage
978 2700 1020 2732 0:
1047 2708 1145 2743 uaga
1164 2707 1186 2735 ς
1205 2697 1292 2743 fuge
1305 2697 1501 2732 Liuineius
1519 2708 1610 2733 caue
1628 2698 1756 2744 Sehip-

226 2757 373 2802 persius
396 2766 507 2802 mage
532 2756 799 2792 Heimreiehius
839 2759 844 2801 Ι
882 2756 985 2792 faeta
1010 2767 1049 2794 ςε
1075 2756 1156 2792 fata
1181 2759 1232 2800 03
1255 2757 1318 2791 sed
1341 2756 1445 2791 nuda
1467 2754 1549 2791 fata
1571 2766 1647 2791 non
1668 2760 1756 2792 sunt

232 2816 388 2861 antiqua
409 2815 539 2860 populi
562 2814 609 2849 R.
634 2815 733 2860 fata,
759 2818 792 2850 et
816 2815 989 2851 carminis
1013 2815 1146 2851 heroici
1169 2815 1381 2851 mentionem
1407 2814 1490 2858 fieri
1513 2818 1651 2860 oportet
1675 2815 1689 2861 fl
1709 2819 1753 2852 72

233 2886 270 2920 a,
297 2875 352 2910 ita
378 2877 402 2908 0
425 2874 430 2917 1
452 2872 612 2909 candida
637 2873 814 2910 Heinsius
1280 2870 1285 2873 ’
