1898 3190
250 140 333 182 lOO
722 144 984 180 PROPERTII
1009 145 1100 184 LIB.
1126 147 1169 182 II.
1197 147 1272 183 34¹³.

362 249 452 292 Aul:
483 251 585 306 quid
615 266 726 294 nune
759 252 836 295 Tei
866 254 948 295 tibi
978 257 1162 309 prosunt
1193 257 1385 300 earmina
1414 257 1556 300 leeta‘?

302 332 347 363 30
422 321 496 363 Nil
527 323 650 365 iuuat
681 323 724 366 in
757 338 916 380 magno
947 327 1096 368 noster
1128 341 1274 369 amore
1306 342 1446 371 senex.
1488 372 1504 391 ⁸

360 391 425 434 Tu
456 394 660 449 grauibus
692 394 828 437 Musis
861 396 1083 439 meliorem
1114 398 1280 440 imitere
1312 398 1525 442 Philetam

418 463 478 506 Et
510 480 598 507 non
630 465 769 508 inflati
802 467 973 509 somnia
1005 466 1273 511 Callimachi.

358 533 451 576 Iam
484 550 633 578 cursus
665 536 769 579 lieet
799 537 947 580 Aetoli
978 538 1139 581 referas
1172 538 1372 595 Acheloi,

417 605 610 649 Fluxerit
640 610 689 649 ut
719 622 879 664 magno
910 611 1051 651 tacius
1085 625 1229 653 amore
1261 612 1418 667 liquor,

298 686 344 717 35
360 675 501 732 Atque
534 679 666 721 etiam
697 681 746 721 ui:
775 679 964 735 Phrygio
996 681 1131 723 fallax
1162 681 1412 724 Maeandria
1443 697 1595 739 eampo

418 748 552 792 Errai:
583 753 626 792 et
656 750 753 805 ipsa
786 766 884 793 suas
918 751 1078 807 decipit
1108 753 1220 794 unda
1251 753 1363 808 uias,

357 818 504 868 Qualis
537 822 580 863 et
610 820 789 864 Adrasti
820 821 951 865 fuerit
980 824 1142 866 uocalis
1175 824 1314 867 Arion

415 890 576 934 Tristia
609 892 663 934 ad
694 892 949 937 Archemori
979 895 1131 937 funera
1162 895 1301 937 uictor
1332 909 1475 951 equos.

353 961 455 1004 Non
485 978 599 1005 nune
631 963 948 1018 Amphiaraeae
980 966 1149 1021 prosint
1178 966 1261 1008 tibi
1292 966 1384 1008 fata

294 1042 339 1074 40
365 1048 371 1055 ·
415 1032 657 1090 Quadrigae
689 1037 764 1076 aut
795 1034 985 1090 Capanei
1018 1039 1144 1092 gra‘ssa
1175 1037 1300 1078 ruina
1329 1037 1442 1091 Ioui3

354 1104 511 1146 Desine
544 1107 588 1147 et
623 1105 865 1161 Aeschyleo
898 1121 1154 1162 componere
1185 1108 1320 1150 uerba
1351 1108 1579 1160 cothurno,

411 1175 570 1219 Desine
603 1179 646 1218 et
678 1177 731 1219 ad
763 1178 913 1220 molles
947 1179 1112 1221 soluere
1144 1179 1338 1221 membra
1368 1178 1539 1222 choros:

329 1339 420 1376 VAR.
447 1353 546 1376 mer.
609 1345 654 1376 29
685 1353 784 1382 nune
811 1341 879 1377 Tei
909 1343 1058 1387 scripsi:
1097 1343 1237 1378 erethei
1263 1346 1288 1377 0
1323 1343 1487 1379 ereethei
1511 1346 1542 1377 V
1571 1355 1640 1390 my.
1664 1355 1709 1381 m.
1735 1348 1762 1381 2

235 1399 378 1435 erechti
402 1403 434 1434 N
459 1400 610 1446 Tyrtaei
636 1402 732 1436 Itali
756 1401 906 1437 Lucreti
931 1402 1094 1448 Scaliyer
1124 1401 1315 1448 Smyrnaei
1340 1402 1519 1438 Heinsius
1543 1405 1582 1438 et
1605 1403 1763 1439 Aetnaei

233 1458 396 1495 Jaeobus
427 1459 601 1506 Gargetti
639 1460 804 1506 Unyeru‘s
836 1472 904 1506 epe
937 1460 1019 1496 Chii
1054 1461 1100 1496 L.
1134 1462 1353 1505 Muellerus;
1391 1462 1436 1506 cf.
1466 1462 1631 1508 Proleqq.
1667 1463 1680 1508 ΙΙ
1716 1467 1761 1498 30

231 1520 358 1554 noster
381 1523 410 1552 1)
429 1523 472 1554 F:
499 1521 623 1555 uester
647 1522 677 1553 V
696 1523 727 1553 N
752 1521 764 1565 ΙΙ
790 1524 832 1555 31
860 1519 1038 1565 grauibus
1063 1520 1176 1556 Musis
1202 1520 1396 1556 meliorem
1420 1522 1553 1566 scripsi
1577 1521 1639 1566 (ef.
1668 1521 1759 1557 Pro-

231 1578 351 1623 leqy.):
379 1578 493 1614 satius
519 1579 676 1623 (santius
696 1583 723 1613 F
745 1579 865 1614 sacius
883 1584 911 1614 Ι)
925 1583 968 1624 V)
994 1579 1108 1615 musis
1128 1591 1330 1616 memorem
1351 1583 1375 1613 0
1401 1580 1619 1625 (memorem
1644 1580 1758 1616 musis

229 1640 260 1670 V
284 1649 329 1673 m.
356 1641 381 1674 2
407 1641 439 1672 N
465 1638 656 1674 meliorem
683 1639 797 1674 musis
824 1641 878 1684 ς);
914 1638 1029 1674 satius
1055 1639 1315 1675 Mimnermum
1341 1642 1408 1675 aut
1439 1638 1555 1675 Coum
1580 1638 1759 1675 Heinsius

232 1697 348 1732 satius
373 1709 519 1733 musam
543 1697 723 1733 leuiorem
747 1698 772 1734 i.
798 1698 969 1734 Philetas
996 1698 1195 1734 Santenius
1220 1698 1336 1734 satius
1361 1698 1480 1734 teneri
1503 1699 1605 1734 lusus
1629 1699 1654 1734 i.
1674 1698 1759 1734 Phi-

230 1756 329 1792 letae
373 1757 552 1793 Eldikius
595 1757 713 1793 Latiis
756 1759 926 1793 tenerum
970 1757 1084 1793 Musis
1127 1757 1340 1802 Hoeufftius
1381 1758 1515 1794 Battus
1557 1769 1760 1794 memorem

233 1815 349 1851 Musis
384 1817 646 1852 Lachmannus
683 1817 801 1852 satius
831 1817 1022 1862 Meropem
1054 1816 1169 1852 Musis
1199 1817 1360 1853 Jacobus
1385 1818 1506 1863 itaque
1531 1818 1606 1863 (sed
1629 1817 1760 1862 Latiis)

229 1875 411 1921 Bequius
443 1875 564 1912 socius
594 1876 708 1911 Musis
738 1876 951 1911 Mimnermi
982 1876 1241 1921 Hertzberyius
1273 1876 1389 1912 satius
1421 1887 1623 1912 memorem
1656 1876 1759 1912 lusus

236 1935 419 1980 Unqerus:
459 1935 573 1970 satius
603 1937 825 1980 suspeetauit
856 1935 1082 1971 Schraderus
1113 1934 1239 1980 polius
1265 1946 1474 1981 proponens
1513 1937 1518 1980 Ι
1557 1935 1707 1971 mittere
1730 1938 1758 1968 F

230 1995 409 2038 (imittere
435 2007 480 2030 m.
500 1995 547 2040 3)
570 1996 575 2041 Ι
597 1995 775 2040 philitam
802 2000 830 2029 Ι)
849 1997 880 2028 V
905 1994 1001 2030 filita
1025 1998 1052 2028 F
1078 1994 1216 2040 philita
1240 1997 1272 2028 N
1297 1997 1311 2040 ΙΙ
1336 1999 1380 2030 32
1405 1994 1526 2030 inflati
1551 1994 1695 2030 somnia
1719 2004 1757 2031 ‘32

227 2053 368 2090 infiatis
395 2053 520 2090 omnia.
543 2059 572 2088 1)
591 2057 619 2088 F
637 2057 669 2088 N
693 2054 858 2089 inflantis
884 2054 1009 2089 omnia
1033 2057 1063 2087 V
1085 2055 1090 2098 Ι
1113 2053 1235 2089 ealim.
1254 2057 1282 2087 F
1301 2055 1313 2099 ΙΙ
1331 2058 1376 2089 33
1402 2054 1480 2089 Iam
1502 2063 1540 2098 ς,
1567 2053 1757 2089 Schneide-

229 2114 366 2149 winus:
392 2113 491 2150 Nam
517 2116 541 2148 0
565 2114 569 2158 Ι
593 2124 718 2149 cursus
745 2123 782 2151 ςε
810 2124 937 2148 rursus
963 2116 988 2147 0
1010 2113 1015 2158 Ι
1039 2112 1155 2148 etholi
1173 2116 1200 2146 F
1226 2112 1367 2148 aetholi
1391 2118 1420 2147 1)
1439 2115 1470 2146 V
1492 2115 1496 2157 Ι
1519 2113 1676 2156 acheloy
1694 2115 1724 2146 V
1746 2111 1758 2158 ΙΙ

228 2177 274 2208 34
299 2173 452 2208 Luxeriiz
476 2173 654 2208 Heinsius
676 2174 681 2215 Ι
703 2174 827 2208 taetus
846 2173 1040 2208 Heinsius:
1067 2172 1189 2207 factus
1211 2175 1235 2206 0
1261 2172 1401 2207 fractus
1421 2181 1443 2209 ς
1460 2172 1474 2217 ΙΙ
1491 2175 1537 2207 35
1563 2171 1618 2217 ut]
1639 2171 1678 2207 in
1697 2174 1727 2205 V
1750 2171 1753 2217 Ι

227 2243 376 2290 phrigio
400 2247 428 2277 F
448 2247 479 2278 N
498 2244 511 2289 ΙΙ
530 2248 573 2278 36
599 2243 753 2288 respicit
778 2243 818 2278 F
818 2244 1000 2278 onteinius
1027 2244 1039 2288 ΙΙ
1066 2247 1109 2278 37
1136 2242 1295 2278 adrastri
1320 2245 1350 2276 V
1375 2242 1422 2277 ad
1446 2241 1559 2278 rastri
1581 2247 1612 2277 Ι)
1633 2244 1639 2287 Ι
1660 2236 1756 2278 ῑὶὸΙίε

228 2306 273 2347 F,
299 2314 391 2339 corr.
417 2314 485 2348 my.
511 2314 556 2338 m.
583 2305 609 2338 2
631 2303 636 2348 Ι
659 2302 763 2338 orion
781 2306 808 2335 F
829 2305 860 2336 N
878 2304 890 2348 ΙΙ
909 2307 954 2338 38
976 2302 1114 2338 Tristia
1133 2302 1328 2338 Heinsius:
1355 2300 1488 2337 Tristis
1508 2304 1533 2336 0
1555 2303 1560 2347 Ι
1582 2301 1755 2338 aderehe-

229 2362 324 2396 mori
348 2366 375 2395 F
398 2365 402 2407 Ι
425 2373 539 2407 equos
567 2364 609 2397 0:
636 2373 751 2406 equus
777 2371 799 2399 ς
817 2362 829 2407 ΙΙ
857 2365 901 2397 39
927 2373 1023 2396 nune
1049 2362 1195 2397 addidi:
1222 2372 1288 2397 om.
1315 2364 1339 2395 0
1366 2371 1504 2406 magna
1528 2361 1613 2396 add.
1637 2361 1755 2396 Lach—

226 2432 401 2465 mannusg
442 2422 625 2457 duriorem
650 2421 714 2467 qui
740 2431 885 2456 uersum
909 2424 1065 2466 putant,
1097 2412 1446 2465 transpositionibus
1473 2419 1664 2464 indulgent
1700 2421 1756 2465 (ut

226 2479 272 2516 L.
301 2481 521 2516 Muellerus:
559 2492 634 2516 non
663 2480 735 2516 tibi
767 2479 972 2525 quadrigae
1003 2479 1148 2525 prosint
1177 2479 1256 2514 fat-a
1281 2477 1545 2524 Amphiareae)
1577 2479 1663 2514 haec
1686 2479 1754 2514 illa

226 2541 334 2575 simul
357 2543 538 2576 mutantes
569 2542 574 2585 Ι
602 2539 841 2585 amphiareae
866 2544 894 2573 D
914 2542 944 2573 V
970 2539 1184 2585 amphiaree
1210 2540 1338 2583 (supra
1363 2538 1426 2574 alt.
1453 2548 1476 2572 a.
1499 2548 1544 2573 m.
1565 2541 1592 2574 2
1618 2548 1655 2582 e,
1680 2541 1713 2573 et
1731 2549 1754 2573 a

225 2609 340 2643 supra
358 2600 478 2644 prior.
511 2610 530 2635 e
565 2600 657 2645 1003.)
682 2602 710 2632 F
744 2598 1000 2644 amphiarerae
1032 2601 1063 2632 N
1102 2599 1107 2643 Ι
1147 2598 1303 2643 prosunt
1326 2600 1354 2630 F
1395 2597 1400 2641 Ι
1438 2595 1519 2631 fata
1549 2596 1761 2643 quadrigae.

224 2658 277 2692 sic
303 2661 346 2703 0,
372 2659 437 2703 qui
461 2659 506 2694 ab
533 2659 607 2693 Aut
631 2670 667 2694 u.
693 2669 761 2703 seq.
793 2658 942 2693 incohat
983 2659 996 2703 ΙΙ
1038 2661 1084 2692 40
1123 2656 1277 2702 capanei
1303 2659 1344 2691 0:
1381 2655 1536 2700 capanei
1559 2667 1696 2702 magno
1721 2659 1753 2690 Π

225 2728 352 2753 uersus
377 2718 547 2762 explendi
571 2728 684 2753 eausa
702 2719 714 2763 ΙΙ
732 2721 775 2752 41
804 2718 844 2753 eb
868 2716 1029 2752 eschileo
1048 2721 1076 2751 D
1090 2719 1137 2751 V:
1164 2716 1202 2751 et,
1227 2715 1370 2751 eehileo
1391 2716 1421 2758 (s
1439 2725 1554 2759 supra
1573 2726 1625 2751 6ο.
1645 2726 1690 2750 m.
1710 2716 1750 2761 2)

226 2779 254 2809 F
280 2776 318 2810 et
342 2775 509 2811 aeehileo
534 2779 566 2809 N
592 2776 761 2811 Achilleo
788 2775 951 2820 Scaliyer
973 2776 977 2820 Ι
1001 2776 1156 2810 coturno
1180 2778 1207 2808 F
1226 2777 1258 2808 N
1275 2774 1288 2819 ΙΙ
1306 2777 1350 2808 42
1377 2784 1400 2807 a
1423 2773 1556 2809 molles
1580 2776 1608 2806 F
1632 2784 1677 2809 m.
1697 2776 1718 2808 1
1743 2772 1748 2819 Ι

225 2835 369 2870 soluere
394 2835 563 2870 membra
588 2835 783 2870 Heinsius:
810 2834 979 2869 membra
1004 2834 1150 2870 resolue
1176 2837 1200 2868 0
1223 2835 1228 2878 Ι
1259 2833 1389 2868 choros
1413 2835 1443 2865 V
1467 2842 1534 2877 mq.
1559 2843 1605 2868 m.
1631 2835 1676 2877 2,
1701 2834 1745 2866 R:

223 2894 351 2930 thoros
376 2898 403 2928 F
428 2895 530 2931 toros
555 2897 585 2927 V
610 2895 693 2929 toro
718 2899 747 2927 D
