1898 3190
220 161 304 204 102
703 162 961 198 PROPERTII
984 163 1073 199 ΜΒ.
1100 163 1147 200 ΙΙ.
1173 162 1250 199 34¹².

276 281 320 312 65
336 269 484 313 Cedite
516 271 703 314 Romani
736 271 984 326 scriptores,
1016 271 1152 314 cedite
1185 271 1307 314 Grai:

400 341 556 384 Nescio
590 341 692 397 quid
722 342 862 384 maius
893 343 1085 385 nascitur
1116 342 1262 385 Iliade.

971 440 994 465 ,κ

851 500 872 523 *
1088 500 1111 525 ῆι

339 566 403 608 Tu
435 567 550 609 canis
583 567 779 609 umbrosi
811 568 958 610 subter
989 568 1140 623 pineta
1171 567 1343 610 Galaesi

395 637 584 693 Thyrsin
617 641 659 681 et
691 638 860 681 adtritis
892 639 1099 695 Daphnin
1131 639 1434 692 arundinibus,

336 709 478 764 thue
511 708 657 751 decem
687 710 857 764 possint
889 724 1162 766 corrumpere
1193 710 1309 752 mala
1341 709 1524 764 puellas,

279 791 322 822 70
398 780 558 822 Missus
590 782 633 822 et
665 780 872 835 inpressis
903 780 1065 823 haedus
1099 780 1152 822 ab
1185 780 1400 822 uberibus.

334 850 474 905 Felix,
507 851 579 905 qui
613 851 720 893 uiles
752 851 893 906 pomis
926 851 1128 893 mercaris
1161 851 1347 893 amores!

395 920 508 964 Huic
539 922 642 964 licet
673 922 871 978 ingratae
904 921 1079 977 Tityrus
1111 922 1203 976 ipse
1236 924 1374 965 canat.

338 992 459 1034 Felix
491 993 702 1035 intactum
734 992 935 1048 Corydon
967 993 1040 1048 qui
1070 995 1210 1054 tentat
1240 991 1398 1035 Alexin

396 1063 626 1120 Agricolae
659 1065 820 1107 domini
852 1079 1027 1120 carpere
1059 1065 1255 1107 delicias!

278 1146 320 1177 75
337 1135 543 1185 Quamuis
575 1136 648 1178 ille
682 1150 758 1186 sua
788 1136 927 1178 lassus
960 1136 1200 1191 requiescat
1231 1150 1387 1191 auena,

398 1205 617 1249 Laudatur
647 1207 788 1250 facilis
820 1207 934 1249 inter
966 1206 1309 1262 Hamadryadas.

337 1277 401 1319 Tu
433 1279 552 1320 canis
586 1279 764 1320 Ascraei
794 1279 952 1320 ueteris
985 1280 1214 1333 praecepta
1245 1280 1417 1334 poetae,

399 1348 491 1399 Quo
525 1362 647 1405 seges
679 1349 725 1391 in
756 1363 925 1404 campo,
958 1363 1041 1404 quo
1074 1348 1186 1390 uiret
1214 1363 1300 1390 uua
1330 1349 1447 1405 iugo.

339 1419 442 1462 Tale
474 1420 580 1462 facis
613 1434 802 1472 carmen,
834 1419 962 1462 docta
991 1418 1207 1461 testudine
1240 1419 1367 1475 quale

279 1502 324 1533 80
398 1490 608 1547 Cynthius
639 1485 839 1546 inpositis
870 1492 1084 1546 temperat
1116 1489 1321 1532 articulis.

315 1643 420 1680 Tnsr.
473 1647 529 1689 65,
544 1648 599 1680 66.
638 1643 847 1679 Donatus
866 1643 905 1678 in
923 1642 1003 1678 uita
1016 1641 1190 1688 Vergilii:
1213 1641 1414 1678 ‘Aeneidos
1429 1642 1579 1678 uixdum
1595 1645 1749 1689 coeptae

222 1704 328 1737 tanta-
354 1703 479 1738 extitit
503 1703 620 1748 fama,
645 1704 688 1738 ut
714 1703 846 1738 Sextus
866 1701 1080 1747 Propertius
1105 1712 1177 1737 non
1197 1700 1428 1736 dubitauerit
1446 1701 1498 1736 sic
1516 1703 1749 1747 praedicare:

220 1761 339 1797 cedite
362 1783 403 1787 —-
425 1761 571 1798 Iliade’.
594 1784 637 1787 —
657 1761 799 1807 recepti
837 1763 924 1796 sunt
957 1760 1078 1796 eidem
1114 1772 1243 1796 uersus
1280 1760 1319 1796 in
1359 1759 1494 1796 codicis
1526 1760 1749 1798 Salmasiani

222 1821 490 1867 Anthologiam
516 1822 644 1866 (Anth.
669 1820 735 1856 lat.
760 1821 803 1855 R.
830 1820 847 1854 I
872 1823 966 1864 264).

316 1954 407 1989 VAR.
433 1965 532 1988 macr.
583 1955 628 1988 65
653 1951 751 1997 grai,
776 1951 831 1986 ita
858 1954 882 1985 0
914 1952 926 1996 ΙΙ
959 1955 1003 1986 66
1029 1950 1130 1995 quod.
1154 1953 1186 1984 N
1204 1950 1216 1996 ΙΙ
1234 1954 1318 1986 ante
1343 1954 1386 1986 67
1408 1954 1608 1995 praeeunte
1632 1951 1750 1987 Lach-
1782 1971 1786 1974 ·

220 2022 356 2047 manno
382 2013 553 2047 lacunam
577 2010 806 2056 siqnisieaui3
833 2010 979 2045 uidetur
1003 2021 1082 2044 una
1106 2020 1187 2044 cum
1212 2012 1301 2054 apta
1339 2009 1494 2055 Veryilii
1524 2011 1750 2046 adlocutione

222 2071 447 2106 intercidisse
477 2071 563 2108 talis
593 2071 667 2114 fere
691 2069 884 2105 sententia:
917 2079 1030 2114 neque
1062 2071 1182 2104 tamen
1209 2071 1354 2113 praeter
1378 2069 1516 2113 yrande
1542 2072 1750 2115 tuumepcs

221 2130 394 2165 canendis
419 2129 604 2164 amoribus
628 2139 762 2164 uacare
786 2128 955 2171 noluisti3
988 2131 1140 2163 ceterum
1165 2130 1198 2163 et
1215 2138 1277 2163 uu.
1298 2137 1387 2172 seqq.
1416 2129 1580 2172 yraaiter
1598 2129 1750 2174 turbati,

221 2190 262 2224 in
295 2199 449 2234 quorum
482 2188 764 2232 difficultatibus
795 2188 962 2223 tollendis
989 2190 1071 2232 post
1095 2186 1379 2222 Heimreichium
1412 2187 1490 2232 (qui
1521 2190 1633 2222 totam
1667 2187 1748 2223 Ver-

221 2249 305 2294 9ilii
322 2248 590 2294 paneyyricam
608 2247 774 2292 spuriam
795 2247 962 2291 putauit)
989 2246 1215 2281 desudarunt
1234 2249 1266 2280 et
1285 2246 1593 2291 Heydenreichius
1612 2247 1655 2282 de
1673 2257 1749 2282 sen-

222 2308 344 2343 tentiis
358 2308 518 2352 prolatis
537 2310 705 2342 accurate
723 2317 832 2351 ayens
852 2306 907 2351 (in
928 2306 1020 2341 libro
1043 2305 1368 2340 ‘commentationes
1388 2305 1603 2351 philoloyae.
1623 2306 1750 2351 scr-ips.

223 2366 413 2401 seminarii
431 2366 559 2410 philol.
580 2377 610 2400 r.
631 2365 835 2410 Lipsiensis
853 2363 1026 2408 sodales’,
1053 2364 1207 2411 Lipsiae
1228 2367 1330 2408 1874,
1347 2375 1385 2409 p.
1405 2368 1426 2399 3
1446 2367 1535 2410 sqq.)
1554 2368 1588 2399 et
1608 2365 1751 2400 Manro

225 2426 246 2460 l.
269 2426 290 2461 l.
310 2425 323 2470 ΙΙ
343 2429 385 2460 67
413 2424 595 2469 umbrosis
621 2427 652 2458 N
670 2425 682 2470 ΙΙ
702 2427 746 2460 68
773 2422 932 2469 Thyrsin
957 2426 986 2456 V
1011 2434 1055 2459 m.
1082 2427 1126 2459 2:
1153 2422 1276 2458 Tirsin
1300 2427 1328 2458 1)
1349 2426 1380 2456 V
1405 2423 1538 2468 Tyrsin
1557 2426 1588 2457 N
1613 2422 1750 2458 Tirsim

222 2487 249 2517 F
271 2485 277 2529 Ι
299 2483 422 2518 atritis
448 2488 494 2528 Ι),
515 2487 544 2517 V
568 2496 612 2519 m.
643 2487 662 2518 1
691 2483 790 2528 (attr.
816 2494 859 2518 m.
887 2484 927 2527 2)
953 2484 956 2526 i
988 2482 1128 2528 dapnin
1151 2486 1179 2516 F
1205 2481 1371 2528 daphnin
1395 2484 1426 2515 V
1453 2483 1458 2527 Ι
1492 2482 1646 2519 harund.
1672 2485 1704 2516 Π
1739 2482 1752 2530 Η

224 2547 268 2578 69
294 2543 460 2589 puellam
486 2543 583 2578 Itali
612 2544 624 2588 ΙΙ
657 2546 701 2578 70
727 2541 908 2588 inpraesis
933 2545 964 2575 N
989 2542 1097 2587 impr.
1123 2546 1151 2575 1>
1171 2544 1201 2575 V
1223 2550 1228 2587 ι
1250 2541 1366 2576 hedus
1391 2545 1419 2574 F
1438 2544 1469 2575 R
1494 2541 1608 2576 aedus
1631 2545 1661 2576 D
1679 2544 1710 2575 V
1739 2541 1751 2589 ΙΙ

225 2606 267 2637 71
294 2602 480 2637 mercatur
506 2601 748 2647 Schraderus,
778 2612 847 2647 qao
874 2605 1016 2646 accepto
1040 2600 1109 2636 uili
1133 2612 1245 2646 pomo
1271 2601 1513 2646 Koppiersius
1542 2602 1555 2646 ΙΙ
1586 2604 1630 2636 72
1655 2600 1751 2636 Huic

223 2665 253 2695 V
278 2672 388 2705 corr.‚
414 2664 461 2695 N:
487 2661 584 2696 Hinc
610 2664 635 2694 0
669 2660 674 2707 Ι
708 2661 855 2707 ingrate
879 2663 909 2694 V
949 2662 954 2706 Ι
994 2660 1121 2696 titirus
1147 2672 1191 2695 eoe
1216 2660 1334 2695 tituus
1360 2671 1450 2696 corr.
1477 2662 1504 2693 F
1528 2659 1654 2694 titirus
1678 2662 1710 2693 Π
1742 2659 1747 2706 Ι

223 2721 302 2766 ipse
326 2724 354 2754 F
379 2731 423 2756 m.
451 2723 493 2764 2,
521 2722 551 2753 V
576 2730 644 2765 my.
670 2731 714 2755 m.
741 2724 788 2756 2:
813 2719 896 2765 ipsa
923 2723 946 2753 0
966 2720 978 2764 ΙΙ
998 2724 1041 2755 73
1068 2719 1108 2754 in
1132 2721 1281 2754 tactum·
1299 2723 1327 2753 1)
1348 2722 1375 2752 Ε
1397 2720 1402 2763 Ι
1425 2718 1577 2754 coridon
1600 2722 1628 2752 F
1646 2721 1678 2752 V
1695 2718 1747 2766 Nl

224 2779 362 2815 alexim
387 2782 411 2813 0
439 2780 602 2824 (praeter
626 2779 671 2824 N)
700 2779 712 2823 ΙΙ
745 2782 789 2814 74
826 2776 973 2814 delitias
999 2782 1026 2812 F
1058 2779 1070 2823 ΙΙ
1103 2782 1146 2814 76
1172 2777 1363 2822 hamadry.
1390 2779 1419 2810 V
1444 2789 1488 2812 m.
1514 2781 1558 2814 2:
1584 2777 1751 2823 amadry.

223 2844 251 2873 1>
271 2842 300 2872 V
326 2837 479 2874 amadri.
504 2841 532 2870 F
551 2840 582 2871 Ν
600 2838 613 2883 ΙΙ
633 2841 676 2873 78
703 2848 800 2872 seres
826 2841 853 2871 F
879 2849 923 2872 m.
950 2841 970 2872 1
994 2839 999 2882 Ι
1021 2838 1109 2884 una]
1137 2837 1252 2888 herba
1275 2841 1304 2871 1)
1331 2839 1377 2881 (et
1401 2839 1431 2870 V
1457 2848 1522 2882 my.
1549 2848 1593 2872 m.
1614 2839 1654 2882 2)
1673 2838 1685 2883 ΙΙ
1705 2841 1748 2873 79

223 2899 318 2934 inter
342 2898 427 2933 test.
455 2900 487 2932 et
512 2896 638 2941 quales
662 2897 928 2942 inter-pungunt
955 2901 983 2930 D
1004 2899 1034 2930 N
1053 2898 1064 2942 ΙΙ
1083 2900 1128 2932 80
1154 2897 1242 2941 imp.
1269 2900 1297 2930 1>
1317 2898 1346 2929 V
1370 2898 1374 2941 Ι
1396 2896 1543 2941 teperat
1566 2899 1598 2930 Π
