1936 3216
213 191 264 226 VI
782 191 1165 228 PROLEGOMENA.

333 298 529 342 Alteram
561 315 740 356 eamque
772 300 912 343 adhuc
941 300 1209 357 incognitam
1235 301 1446 344 familiam
1473 302 1744 346 conformant

213 371 260 413 hi
291 370 412 413 libri·

330 448 372 484 V
397 462 452 476 =
479 441 612 484 codex
650 441 969 485 Ottoboniano-
973 441 1211 485 Vaticanus
1253 443 1384 499 1514,
1413 445 1612 500 membr„
1650 460 1739 488 sae-

57 502 71 522 ⁸
104 523 136 534 ’·
213 514 298 557 culi
334 513 439 559 XIV
478 513 698 568 exeuntis,
734 513 897 555 formae
937 498 1114 555 octaiiae
1152 513 1347 570 maioris,
1383 514 1500 558 foliis
1538 518 1743 560 constans

215 585 284 640 83,
315 584 470 640 quibus
503 584 620 626 solus
652 584 837 627 habetur
868 584 1130 639 Propertius,
1188 584 1304 640 olim,
1334 587 1382 627 ut
1410 586 1553 641 prima
1582 587 1744 630 indicat

214 655 384 711 pagina,
426 656 597 711 collegii
635 657 728 698 erat
765 655 1025 697 Iesuitarum
1063 654 1261 697 Romani.
1317 659 1532 700 correctus
1571 659 1638 700 est
1673 658 1744 702 hic

213 727 323 769 liber
354 742 380 769 a
411 726 544 769 uariis
578 727 738 769 saeculi
763 726 845 769 XV
871 726 1021 782 doctis,
1053 741 1236 782 quorum
1262 742 1415 770 manus
1441 728 1632 772 diuersas
1656 744 1742 772 uno

215 798 325 853 siglo
356 812 410 840 m.
441 801 472 841 2
503 797 828 852 comprehendit
859 797 1083 854 Augustus
1113 797 1227 852 Mau,
1259 798 1333 853 qui
1362 800 1412 841 ut
1442 801 1608 843 ceteros
1638 800 1742 844 Pro-

216 869 347 924 pertii
389 869 556 912 codices
597 869 833 912 Vaticanos
873 868 979 911 mihi
1020 869 1284 911 examinauit
1322 870 1386 912 ita
1425 869 1539 913 hunc
1583 871 1743 915 librum

217 942 359 983 totum
389 941 575 983 contulit
599 955 694 982 cum
721 940 867 982 labore
887 939 1031 982 hercle
1056 954 1144 982 non
1162 955 1311 995 paruo.
1354 956 1455 983 nam
1481 945 1743 987 correctores

215 1012 328 1054 male
362 1011 517 1067 seduli,
553 1025 643 1053 non
681 1011 872 1054 contenti
909 1011 952 1053 in
986 1011 1254 1068 marginibus
1279 1012 1475 1068 interque
1506 1013 1642 1057 lineas
1673 1015 1745 1058 ad-

215 1083 424 1139 spersisse
456 1083 664 1138 plurimas
696 1097 833 1125 nouas
864 1083 1072 1125 lectiones
1106 1081 1202 1139 (has
1236 1098 1404 1140 quoque
1436 1085 1482 1127 et
1512 1099 1563 1127 ex
1588 1086 1744 1140 prioris

211 1154 406 1196 familiae
439 1153 583 1197 codice
616 1154 760 1209 aliquo
794 1156 838 1196 et
869 1168 920 1195 ex
953 1154 1211 1196 coniecturis
1242 1154 1499 1212 promptas),
1530 1156 1660 1199 etiam
1698 1158 1745 1200 in

210 1226 306 1281 ipso
338 1225 568 1267 uerborum
601 1226 804 1267 contextu
837 1239 963 1280 saepe
996 1225 1129 1267 erasis
1160 1226 1356 1280 pristinis
1388 1227 1615 1282 scripturis
1642 1243 1742 1271 suas

211 1297 471 1339 infulserunt
490 1296 859 1351 interpolationes.
896 1296 1061 1352 haeque
1081 1310 1256 1339 rasurae
1276 1299 1320 1339 et
1341 1299 1608 1340 correcturae
1627 1298 1745 1341 haud

213 1383 312 1410 raro
350 1370 441 1410 tam
481 1366 698 1408 subtiliter
735 1369 836 1409 sunt
874 1367 1013 1409 factae
1051 1369 1100 1409 ut
1136 1367 1262 1410 facile
1293 1367 1449 1410 fallant
1487 1369 1635 1412 oculos
1665 1370 1743 1413 ite-

211 1441 391 1494 rataque
413 1438 584 1480 demum
611 1453 636 1480 a
654 1437 801 1480 Mauio
822 1438 1088 1493 inspectione
1115 1438 1307 1481 detectae
1328 1439 1417 1481 sint
1442 1441 1744 1496 suppeditante

211 1509 320 1552 mihi
353 1509 608 1564 suspitionis
642 1523 794 1551 ansam
826 1509 971 1552 codice
1002 1509 1319 1553 Dauentriensi.
1368 1511 1483 1554 bona
1514 1512 1627 1554 enim
1654 1512 1740 1556 for-

211 1583 318 1623 tuna
350 1581 512 1622 factum
545 1583 610 1622 est
640 1582 688 1622 ut
719 1583 904 1622 aetatem
936 1581 1086 1623 tulerit
1116 1581 1227 1623 liber
1257 1597 1334 1637 per
1361 1582 1507 1625 omnia
1529 1583 1619 1626 fere
1645 1599 1742 1627 cum

210 1658 252 1693 V
277 1651 527 1706 conspirans
559 1651 717 1707 ibique,
747 1652 822 1694 ubi
852 1651 980 1694 huius
1008 1667 1160 1695 manus
1184 1653 1327 1708 prima
1351 1654 1515 1697 incerta
1541 1669 1590 1697 ac
1614 1655 1744 1698 dubia
1820 1703 1826 1707 ,

212 1725 297 1778 est,
335 1723 568 1778 genuinam
606 1723 838 1766 lectionem
869 1723 1065 1766 indicans
1098 1724 1288 1781 adeoque
1319 1725 1386 1767 illi
1415 1725 1499 1780 ipsi
1530 1726 1743 1769 interdum

211 1795 451 1850 praestanS‚
484 1794 648 1837 scilicet

330 1874 368 1909 D
391 1885 445 1900 -—-
466 1865 599 1907 codex
629 1865 919 1908 bibliothecae
950 1866 1067 1920 publ.
1095 1867 1214 1909 urbis
1239 1866 1549 1911 Neerlandicae
1574 1868 1742 1912 Dauen-

211 1938 332 1992 triae,
356 1951 535 1979 numero
560 1937 673 1979 1792
693 1936 937 2003 insignitus,
963 1936 1082 1979 foliis
1110 1937 1310 1994 oblongis
1334 1939 1511 1981 membr.
1532 1940 1587 1982 68
1608 1955 1742 1984 unum

211 2009 485 2065 Propertium
518 2007 736 2062 exhibens,
767 2007 913 2062 pulcre
945 2007 1163 2064 nitideque
1190 2009 1376 2064 scriptus
1402 2009 1448 2051 111
1471 2009 1602 2053 Italia
1626 2011 1742 2055 intra

213 2097 248 2124 a.
281 2081 370 2123 fere
406 2079 654 2134 1419—20.
701 2078 747 2120 in
778 2078 904 2120 initio
937 2093 1070 2120 unum
1101 2079 1255 2122 folium
1285 2080 1426 2136 periit,
1456 2081 1568 2124 unde
1599 2097 1625 2124 a
1654 2082 1677 2125 I
1701 2084 1742 2139 2,

215 2152 271 2194 14
302 2151 467 2205 incipit.
517 2149 627 2192 nihil
658 2150 746 2192 fere
778 2150 822 2192 in
857 2150 947 2192 eius
979 2152 1100 2192 textu
1131 2153 1368 2193 correctum
1395 2153 1478 2204 est,
1510 2151 1584 2194 sed
1607 2153 1742 2197 habet

211 2223 282 2265 hic
324 2222 414 2264 illic
457 2222 502 2263 in
547 2221 741 2276 margine
786 2235 812 2262 a
855 2235 986 2262 manu
1027 2221 1195 2276 aequali
1234 2222 1379 2264 uarias
1421 2222 1628 2267 lectiones
1668 2226 1740 2268 ad-

213 2291 460 2348 scriptas*).
518 2291 755 2334 clarissime
796 2294 940 2335 autem
980 2299 1019 2334 D
1061 2292 1250 2335 ostendit
1286 2295 1549 2350 quantopere
1586 2296 1631 2339 in
1669 2297 1740 2342 his
1782 2292 1784 2294 V

211 2365 340 2407 rebus
372 2363 517 2406 ualeat
547 2366 665 2405 recta
696 2364 941 2406 aestimatio
975 2366 1102 2420 atque
1128 2360 1332 2416 αὐτοψία.
1382 2365 1485 2408 011111
1510 2367 1623 2410 enim
1648 2371 1742 2411 erat

211 2435 327 2478 Petri
367 2435 624 2490 Burmanni,
664 2435 737 2490 qui
779 2450 875 2477 eum
916 2436 1098 2477 alterum
1143 2450 1267 2478 suum
1307 2439 1435 2479 uocat
1475 2438 1739 2495 protulitque

212 2507 310 2549 inde
342 2506 386 2548 in
418 2506 728 2549 commentario
761 2507 969 2549 lectiones
1000 2506 1224 2562 plurimas.
1281 2523 1387 2563 quas
1418 2523 1497 2564 pro
1528 2508 1739 2552 Italorum

212 2572 467 2621 commentis
493 2576 707 2632 accipiens
732 2576 1036 2620 Lachmannus
1062 2577 1435 2620 Burmannianum
1460 2579 1645 2622 alterum
1675 2581 1740 2625 in-

211 2649 414 2692 fimorum
439 2648 649 2690 librorum
676 2648 815 2691 ordini
835 2648 1062 2704 adscripsit
1083 2649 1233 2704 [praef.
1254 2649 1351 2692 edit.
1369 2649 1524 2704 prioris
1543 2665 1584 2705 p.
1603 2650 1739 2706 XIV].

213 2721 286 2776 qui
318 2720 354 2762 si
385 2720 478 2775 ipse
511 2720 566 2762 ob
599 2721 746 2762 oculos
771 2720 995 2762 habuisset
1019 2727 1056 2762 D
1089 2722 1132 2762 et
1163 2721 1364 2763 dilectum
1397 2720 1479 2763 sibi
1499 2719 1738 2778 Groninga—

331 2872 366 2918 ²¹⁶)
396 2882 539 2918 pauca,
577 2883 672 2917 quae
705 2883 836 2908 manus
868 2873 987 2908 altera
1020 2882 1114 2908 saec.
1145 2872 1248 2908 XVII
1281 2873 1343 2908 uel
1374 2871 1496 2908 XVIII
1529 2873 1736 2919 adnotauit,

213 2942 363 2967 omnmo
387 2942 461 2967 non
487 2941 624 2966 curam.
