1898 3190
251 155 336 197 162
764 157 1027 193 PROPERTII
1051 156 1140 194 LIB.
1161 157 1223 194 IV.
1245 161 1278 195 2.

426 264 598 308 Faunus
630 266 827 320 plumoso
861 281 955 308 sum
987 266 1089 309 deus
1121 267 1317 322 aucupio.

311 346 355 377 35
370 335 452 377 Est
484 336 615 378 etiam
647 336 822 392 aurigae
854 337 1018 392 species
1049 337 1332 392 Vertumnus,
1364 340 1408 379 et
1439 338 1548 393 eius,

430 407 594 449 Traicit
626 408 793 450 alterno
826 409 899 463 qui
930 409 1024 450 leue
1055 408 1224 464 pondus
1256 423 1375 464 equo.

371 477 582 533 Suppetat
611 479 711 534 hoc,
741 480 879 534 pisces
913 480 1080 523 calamo
1111 480 1369 535 praedabor‚
1401 482 1445 522 et
1473 480 1546 522 ibo

426 549 610 592 Mundus
644 550 841 593 demissis
873 551 1049 594 institor
1078 552 1124 593 in
1155 552 1324 594 tunicis.

367 620 591 664 Pastorem
625 622 677 664 ad
708 623 910 664 baculum
941 638 1119 678 possum
1152 623 1375 678 simulare,
1405 623 1475 664 uel
1505 622 1617 664 idem

308 702 354 734 40
430 691 654 748 Sirpiculis
686 694 827 736 medio
859 694 1035 749 puluere
1067 694 1177 736 ferre
1208 709 1365 736 rosam.

367 762 481 805 Nam
514 765 614 819 quid
647 779 726 821 ego
761 765 961 821 adiciam,
992 766 1044 808 de
1076 780 1158 820 quo
1191 765 1298 807 mihi
1329 766 1515 807 maxima
1544 763 1662 805 fama
1696 764 1774 814 est,

426 834 663 878 Hortorum
695 836 740 878 in
772 837 972 879 manibus
1004 837 1117 879 dona
1147 838 1330 892 probata
1361 836 1496 879 meis?

369 904 600 948 Caeruleus
633 907 822 949 cucumis
854 907 1103 962 tumidoque
1136 907 1357 950 cucurbita
1387 909 1538 949 uentre

426 976 496 1018 Me
529 981 684 1033 grauat
715 981 758 1020 et
788 979 912 1021 iunco
945 979 1138 1021 brassica
1169 979 1316 1021 uincta
1346 978 1447 1020 leui:

308 1058 352 1089 45
366 1046 458 1090 Nec
489 1048 568 1090 flos
599 1049 713 1091 ullus
745 1049 838 1091 hiat
867 1050 1027 1104 pratis,
1057 1050 1160 1105 quin
1190 1049 1263 1091 ille
1295 1049 1493 1091 decenter

427 1118 649 1173 Inpositus
680 1120 815 1162 fronti
846 1121 1052 1176 langueat
1082 1122 1182 1162 ante
1213 1134 1345 1162 meae.

369 1189 430 1231 At
460 1190 584 1245 mihi,
616 1192 923 1247 quod,formas
953 1206 1063 1234 unus
1095 1191 1296 1233 uertebar
1325 1191 1371 1232 in
1402 1204 1569 1245 omnes,

427 1260 597 1303 Nomen
631 1263 683 1304 ab
718 1265 875 1304 euentu
905 1263 1049 1317 patria
1079 1262 1230 1318 lingua
1262 1262 1396 1316 dedit3

366 1331 431 1374 Ac
463 1334 528 1386 tu,
560 1332 718 1389 Roma⁷
749 1334 856 1375 meis
887 1333 1084 1375 tribuisti
1114 1333 1308 1387 praemia
1339 1332 1512 1388 Tuscis,

309 1413 353 1444 50
427 1402 549 1445 Unde
582 1402 709 1445 hodie
739 1404 862 1446 uicus
893 1404 1070 1446 nomina
1101 1403 1265 1446 Tuscus
1296 1403 1448 1459 habet,

367 1473 579 1529 Tempore
613 1489 696 1529 quo
730 1475 858 1517 sociis
890 1475 1012 1517 uenit
1043 1474 1325 1530 Lycomedius
1357 1474 1488 1516 armis

427 1544 571 1600 Atque
604 1544 765 1587 Sabina
795 1546 877 1588 feri
908 1546 1104 1588 contudit
1135 1560 1254 1587 arma
1284 1545 1393 1587 Tati.

368 1615 468 1658 Vidi
501 1631 580 1672 ego
614 1617 810 1659 labentes
843 1618 955 1660 acies
987 1620 1030 1659 et
1060 1617 1148 1659 tela
1180 1616 1356 1672 caduca,

427 1687 571 1742 Atque
602 1688 749 1730 hostes
781 1689 897 1743 turpi
927 1690 1054 1744 terga
1085 1688 1254 1730 dedisse
1283 1688 1424 1743 fugae.

309 1769 353 1800 55
369 1757 452 1801 Sed
484 1758 636 1814 facias,
669 1759 815 1802 diuum
849 1762 984 1815 sator,
1014 1762 1063 1800 ut
1092 1759 1290 1801 Romana
1318 1773 1401 1814 per*
1426 1773 1579 1800 aeuum

427 1830 638 1872 Transeat
669 1833 768 1873 ante
800 1845 919 1872 meos
950 1831 1079 1872 turba
1110 1832 1263 1885 togata
1293 1829 1434 1885 pedes.

370 1900 451 1944 Sex
484 1903 689 1956 superant
720 1915 869 1942 uersus
901 1900 981 1956 (te,
1013 1901 1086 1956 qui
1117 1901 1170 1943 ad
1201 1900 1451 1943 uadimonia
1482 1901 1634 1956 curris,

346 2065 437 2101 VAR.
464 2078 562 2101 mem.
615 2069 660 2100 34
703 2065 850 2101 Fauuor
888 2067 925 2110 (n
962 2058 1077 2110 supra
1108 2065 1171 2100 alt.
1198 2077 1222 2099 u
1258 2076 1304 2099 m.
1330 2065 1369 2110 2)
1394 2068 1422 2098 F
1458 2063 1582 2100 Fauor
1605 2068 1636 2098 Π
1668 2066 1778 2110 (mule

248 2123 388 2159 Fautor
416 2124 522 2159 Oonr.
550 2125 802 2171 Rossberyius)
822 2127 834 2170 ΙΙ
854 2129 898 2160 35
924 2128 957 2160 et
982 2129 1026 2161 36
1052 2125 1197 2170 spurios
1220 2125 1325 2159 habet
1349 2124 1601 2170 Fonteiuiusu
1625 2127 1670 2159 35
1695 2135 1776 2170 spe-

253 2184 326 2219 ties
350 2188 378 2217 D
398 2186 427 2217 V
450 2185 454 2228 Ι
477 2184 725 2229 uerturupuus
750 2188 777 2218 F
800 2186 804 2228 Ι
833 2184 911 2219 eius
938 2194 976 2221 ςε
1004 2184 1082 2218 elus
1109 2186 1133 2216 0
1171 2183 1183 2228 ΙΙ
1219 2186 1264 2218 36
1295 2182 1379 2217 leue
1405 2194 1538 2228 corpus
1562 2183 1741 2220 Heinsius
1764 2183 1776 2230 ΙΙ

250 2247 293 2278 37
320 2243 408 2289 hoc]
429 2243 489 2277 hic
509 2243 688 2279 Heinsius
706 2246 718 2289 ss
737 2248 780 2279 39
802 2242 978 2279 simulare
1004 2243 1360 2287 Waardeuburyius:
1388 2253 1516 2278 curare
1537 2245 1562 2276 0
1581 2253 1735 2278 curuare
1755 2253 1777 2280 ς

248 2302 393 2338 Pastori
412 2323 456 2327 —
478 2303 620 2338 certare
646 2303 824 2338 Heinsius
861 2304 866 2348 Ι
898 2306 987 2348 puto
1013 2302 1078 2338 sed
1102 2302 1200 2337 idem
1237 2302 1250 2347 ΙΙ
1286 2305 1331 2337 40
1358 2300 1557 2347 Serpiculis
1583 2304 1607 2335 0
1633 2302 1722 2347 (-lus
1746 2304 1777 2335 V

248 2373 293 2397 m.
319 2363 359 2406 2)
390 2362 402 2406 ΙΙ
433 2365 573 2397 41-46
597 2366 679 2407 post
705 2367 747 2398 18
774 2362 1016 2406 Sehraderus,
1036 2365 1122 2406 post
1149 2365 1191 2396 12
1217 2362 1362 2396 traiecit
1385 2360 1662 2396 Luetiohamius
1691 2362 1704 2407 ΙΙ
1729 2364 1772 2396 41

248 2421 351 2456 fama
376 2424 418 2455 0:
446 2432 534 2456 cura
558 2424 589 2454 V
613 2432 681 2466 my.
707 2433 751 2457 m.
778 2422 835 2466 211
860 2425 904 2456 42
932 2421 1106 2457 Ortorum
1130 2426 1159 2455 D
1178 2424 1208 2454 V
1230 2422 1234 2466 Ι
1256 2421 1381 2456 locata
1405 2420 1682 2455 Luetioharmus
1699 2420 1712 2465 ΙΙ
1730 2423 1774 2455 43

248 2480 449 2527 tumidoq3]
476 2481 494 2515 t
518 2481 560 2515 in
583 2492 655 2516 ras.
682 2492 727 2516 m.
753 2485 778 2517 2
804 2485 835 2515 V
859 2482 871 2526 ss
895 2484 941 2515 44
966 2480 1101 2526 grauat
1125 2480 1272 2524 scripsi:
1297 2479 1409 2514 necat
1434 2481 1458 2512 0
1482 2479 1591 2514 notat
1614 2482 1642 2512 F
1666 2490 1710 2516 m.
1736 2482 1776 2522 2,

248 2543 279 2573 V
303 2550 371 2585 my.
398 2551 442 2574 m.
470 2542 514 2582 2,
540 2542 572 2572 N
596 2539 649 2574 Mi
673 2539 770 2575 nitet
793 2540 1054 2575 Lachmaunus
1082 2541 1086 2584 Ι
1121 2538 1220 2573 uinci
1243 2541 1271 2571 F
1296 2549 1340 2573 m.
1366 2541 1407 2582 1,
1433 2537 1542 2572 uinco
1566 2549 1612 2573 m.
1638 2541 1682 2582 2,
1707 2541 1739 2572 N
1767 2537 1772 2585 Ι

248 2599 395 2635 bassica
418 2602 445 2632 F
471 2610 515 2635 m.
543 2602 563 2633 1
587 2599 592 2643 Ι
613 2597 742 2633 iuncta
765 2602 793 2632 F
825 2599 837 2643 ΙΙ
861 2602 906 2633 46
932 2598 1053 2643 Inpos.
1080 2601 1128 2632 N:
1154 2597 1290 2642 Impos.
1318 2597 1437 2641 01147
1463 2595 1523 2631 Sic
1547 2594 1641 2631 mihi
1664 2597 1774 2632 editio

248 2659 373 2694 Annii
405 2658 656 2703 Viterbieusis',
683 2658 903 2693 Fonteinius
924 2658 928 2701 1
951 2657 1015 2702 qui
1039 2660 1086 2701 V,
1112 2667 1202 2692 corr.
1229 2667 1298 2700 my.
1323 2667 1369 2690 m.
1394 2657 1420 2691 2
1442 2656 1447 2698 Ι
1474 2655 1663 2700 uertebar]
1692 2656 1708 2690 t
1731 2665 1775 2690 ex

248 2719 274 2754 b
299 2728 390 2754 corr.
416 2720 446 2750 V
465 2718 477 2762 ss
496 2720 539 2751 49
569 2718 622 2751 Ac
646 2717 794 2761 scripsi:
820 2717 870 2751 At
890 2719 914 2749 0
941 2716 990 2750 Et
1008 2718 1038 2749 V
1058 2727 1101 2750 m.
1121 2717 1164 2759 2,
1189 2717 1221 2748 Ν
1243 2715 1247 2758 Ι
1269 2713 1410 2749 thuscis
1429 2715 1502 2747 DV
1518 2713 1532 2758 ΙΙ
1550 2717 1595 2748 50
1619 2714 1774 2749 thuscus

249 2782 277 2812 D
296 2782 326 2813 V
343 2778 356 2822 ΙΙ
375 2780 418 2812 51
447 2774 557 2811 sociis
582 2779 631 2810 N:
659 2775 762 2811 sotiis
789 2779 813 2809 0
837 2776 841 2820 Ι
864 2775 996 2819 lycom.
1022 2777 1052 2808 V
1077 2786 1122 2809 m.
1149 2778 1193 2819 2,
1218 2776 1266 2807 N:
1291 2772 1415 2807 lioom.
1442 2774 1466 2805 0
1493 2771 1728 2816 (licomodius
1746 2776 1774 2807 F

250 2835 458 2872 licomediis
484 2835 527 2880 V)
552 2834 801 2869 Lucumonius
830 2835 1021 2869 Turnebus
1057 2835 1070 2879 ΙΙ
1106 2836 1151 2868 52
1177 2831 1336 2868 contulit
1359 2836 1387 2865 D
1407 2834 1437 2864 V
1458 2832 1463 2876 Ι
1485 2830 1560 2866 taci
1582 2836 1611 2865 1)
1631 2834 1662 2864 V
1685 2831 1774 2867 tacii

249 2899 276 2928 F
296 2898 327 2928 N
345 2896 357 2939 ΙΙ
377 2897 517 2930 57-64
541 2894 662 2939 spurii
687 2895 861 2929 uidentur
886 2893 1084 2928 Fonteinio
1647 2901 1649 2903 ·

1857 2478 1898 3005 Ἐθᾰηωηψ
