1898 3190
213 136 298 178 182
708 133 971 170 PROPERTII
994 133 1084 168 LIB.
1110 132 1172 170 IV.
1199 139 1231 170 7.

273 256 316 287 70
390 243 491 287 Celo
525 257 604 298 ego
636 242 842 299 perfidiae
874 241 1055 283 crimina
1086 243 1227 284 multa
1255 245 1367 285 tuae.

331 314 412 357 Sed
445 314 526 355 tibi
557 328 668 355 nunc
700 313 905 354 mandata
936 312 1106 367 damus,
1138 314 1176 355 si
1207 314 1318 356 forte
1350 315 1554 367 moueris,

391 384 435 426 Si
466 388 508 426 te
539 398 629 426 non
659 386 800 426 totum
833 382 1060 426 Chloridos
1090 384 1227 427 herba
1256 387 1387 428 tenet.

329 455 488 498 Nutrix
518 456 564 496 in
595 455 790 496 tremulis
821 469 875 496 ne
907 455 1009 510 quid
1041 455 1252 499 desideret
1283 457 1409 499 annis

390 526 638 568 Parthenie:
670 526 828 581 patuis,
858 540 936 568 nec
967 526 1049 568 tibi
1081 541 1214 569 auara
1243 527 1336 570 fuit.

274 609 317 641 75
331 597 604 652 Deliciaeque
635 611 755 638 meae
787 596 950 652 Latris,
982 597 1051 639 cui
1080 612 1238 640 nomen
1270 599 1325 640 ab
1356 614 1438 641 usu
1469 602 1553 655 est,

391 667 457 710 Ne
490 668 710 724 speculum
742 668 939 711 dominae
971 668 1168 724 porrigat
1198 669 1275 712 illa,
1308 685 1461 713 nouae.

332 740 391 782 Et
421 754 713 795 quoscumque
745 753 841 781 meo
873 738 1015 781 fecisti
1045 740 1220 782 nomine
1251 755 1419 796 uersus,

392 810 499 853 Ure:
531 810 639 852 mihi
668 809 816 852 laudes
848 824 915 851 me
949 810 1038 852 sine
1070 810 1231 852 habere
1262 826 1394 855 meas.

333 882 452 924 Pelle
482 882 686 923 hederam
717 880 903 935 tumulo,
935 880 1043 922 mihi
1075 896 1184 936 quae
1215 884 1437 938 pugnante
1469 883 1673 938 corymbo

275 965 320 996 80
394 952 546 995 Mollia
577 951 785 994 contortis
819 952 972 1007 alligat
1003 966 1102 994 ossa
1133 953 1278 995 comis.

334 1024 532 1065 Pomosis
564 1023 679 1065 Anio
713 1037 796 1077 qua
829 1023 1038 1077 spumifer
1068 1024 1245 1066 incubat
1276 1025 1394 1067 aruis

394 1095 453 1137 Et
483 1109 717 1149 numquam
747 1092 961 1135 Herculeo
993 1094 1170 1136 numine
1200 1095 1336 1149 pallet
1367 1095 1487 1149 ebur,

334 1165 428 1207 Hac
460 1179 633 1207 carmen
664 1164 807 1206 media
838 1164 1019 1219 dignum
1050 1179 1118 1206 me
1151 1166 1289 1208 scribe
1321 1166 1538 1222 columna,

395 1235 477 1277 Sed
509 1236 658 1291 breue,
690 1235 805 1291 quod
837 1250 1010 1277 currens
1042 1238 1190 1278 uector
1221 1237 1275 1278 ab
1307 1238 1413 1279 urbe
1443 1238 1580 1294 legat:

274 1318 318 1350 85
335 1306 434 1350 HIC
454 1305 775 1348 TIBURTINA
802 1304 979 1348 IACET
1006 1305 1211 1349 AUREA
1241 1306 1507 1350 OYNTHIA
1531 1269 1746 1352 TERRA:

400 1376 674 1421 ACCESSIT
705 1377 884 1420 RIPAE
917 1376 1569 1434 LAUS,AN1ENE,TUAE.

336 1449 426 1491 Nec
457 1452 505 1491 tu
538 1464 692 1504 sperne
723 1449 807 1504 piis
838 1449 1059 1491 uenientia
1091 1450 1260 1492 somnia
1289 1451 1445 1505 portis:

397 1519 504 1562 Cum
537 1521 610 1575 pia
640 1522 853 1562 uenerunt
884 1521 1071 1575 somnia,
1102 1521 1270 1576 pondus
1301 1521 1474 1565 habent.

337 1591 475 1633 Nocte
507 1606 643 1647 uagae
674 1591 854 1633 ferimur
886 1589 992 1647 (nox
1024 1591 1192 1634 clausas
1225 1592 1382 1635 liberat
1412 1593 1625 1651 umbras),

278 1674 323 1705 90
395 1662 526 1704 Erras
557 1665 600 1704 et
630 1663 799 1705 abiecta
830 1661 1039 1705 Cerberus
1071 1663 1164 1718 ipse
1197 1678 1303 1706 sera.

337 1734 450 1775 Luce
480 1733 632 1776 iubent
662 1734 779 1789 leges
812 1733 1004 1776 Lethaea
1035 1734 1090 1776 ad
1123 1737 1279 1790 stagna
1307 1736 1487 1778 reuerti:

397 1804 489 1846 Nos
521 1805 736 1859 uehimur,
769 1807 939 1847 uectum
970 1807 1107 1847 nauta
1137 1809 1332 1849 recenset
1363 1821 1482 1850 onus.

315 1982 406 2016 VAR.
432 1993 530 2015 mer.
578 1984 621 2016 72
643 1980 700 2027 Si]
715 1980 750 2024 S3
765 1997 810 2010 =
825 1980 890 2016 Set
901 1985 929 2014 Ε
942 1992 987 2017 m.
1002 1985 1021 2015 1
1038 1981 1100 2026 (Et
1112 1981 1305 2027 Heinsius)
1323 1981 1327 2027 ἶ
1345 1982 1530 2018 chloridos
1544 1987 1574 2018 V
1587 1995 1632 2019 m.
1646 1987 1684 2029 2,
1699 1988 1746 2020 Νε

220 2041 379 2076 cloridos
399 2043 430 2081 40
456 2040 605 2075 doridos
629 2043 660 2073 V
684 2051 752 2085 my.
772 2052 816 2076 m.
837 2044 863 2076 2
882 2042 895 2085 ΙΙ
915 2045 958 2076 73
984 2041 1039 2087 in]
1065 2042 1108 2075 ut
1131 2045 1158 2074 Ε
1181 2043 1185 2085 Ι
1208 2042 1306 2086 quod
1324 2045 1351 2075 Ε
1371 2053 1415 2077 m.
1435 2042 1543 2088 11174
1566 2042 1749 2079 Phatenie

219 2104 246 2134 Ε
272 2098 495 2135 Partheniae
520 2100 627 2135 ceteri
659 2100 664 2144 Ι
698 2099 822 2144 patuit
847 2110 890 2137 ς;
916 2100 1041 2144 potuit
1066 2103 1108 2144 ⁰3
1133 2112 1222 2135 ‘num
1241 2100 1394 2136 doluit?
1417 2102 1422 2145 Ι
1443 2112 1572 2136 amara.
1597 2112 1620 2139 ς
1654 2103 1668 2148 ΙΙ
1704 2106 1748 2138 75

219 2159 331 2194 latrix
355 2163 403 2203 D,
421 2162 451 2192 V
477 2170 522 2193 m.
548 2162 568 2194 1
589 2160 602 2204 ΙΙ
621 2161 665 2193 78
690 2169 750 2193 me
777 2158 854 2193 sine
879 2160 1012 2204 scripsi
1038 2160 1148 2196 Misc.
1177 2159 1264 2195 Grit.
1284 2171 1324 2204 p.
1348 2163 1433 2195 106:
1465 2158 1593 2195 desine
1613 2163 1638 2194 0
1661 2160 1748 2205 (Ure

219 2218 329 2253 mihi:
355 2217 484 2252 laudes
511 2217 638 2252 desine
662 2218 774 2262 uulyo
799 2218 1080 2263 interpunywnt)
1116 2218 1129 2263 ΙΙ
1165 2222 1209 2254 79
1235 2218 1343 2254 Velle
1370 2218 1603 2254 Passeratius
1623 2220 1630 2263 Ι
1651 2229 1748 2263 quae

220 2288 265 2311 ex
290 2287 474 2321 quemque
499 2287 590 2311 corr.
616 2280 644 2309 Ε
678 2277 683 2320 Ι
710 2276 878 2321 pallente
903 2278 961 2311 uel
986 2278 1174 2322 pungente
1198 2277 1443 2322 Burmannus
1466 2277 1622 2312 nutante
1646 2277 1749 2313 Fon-

222 2337 374 2379 teiuius3
399 2336 433 2370 si
451 2335 541 2380 quid
559 2334 791 2377 mutandum,
821 2335 945 2369 malim
964 2335 1133 2380 pullante
1152 2336 1164 2380 ΙΙ
1183 2339 1228 2371 80
1248 2335 1379 2371 Mollia
1398 2346 1437 2374 ςε
1462 2335 1570 2371 Molli
1589 2338 1614 2369 0
1637 2337 1642 2381 Ι
1663 2347 1749 2372 can-

219 2394 311 2430 toris
330 2398 358 2427 Ε
378 2405 422 2429 m.
443 2397 463 2428 1
488 2395 494 2437 1
515 2392 640 2438 illigat
664 2393 885 2428 Fonteinius
902 2393 906 2440 Ι
924 2394 1023 2439 ossa]
1050 2394 1134 2435 cola
1165 2394 1296 2439 (altera
1320 2394 1334 2428 l
1357 2397 1559 2439 suprascr.)
1584 2398 1629 2440 Ε,
1655 2405 1746 2431 corr.

221 2464 289 2497 my.
315 2464 360 2488 m.
386 2455 413 2487 2
454 2453 467 2497 ss
509 2455 553 2486 81
580 2451 749 2487 Pomosis
770 2472 812 2477 —
833 2451 1012 2497 spumifer
1036 2452 1309 2488 Broukhusius:
1335 2453 1506 2488 Ramosis
1527 2474 1570 2478 —
1588 2453 1749 2499 pomifer

223 2515 247 2545 0
270 2512 275 2556 1
297 2511 383 2546 anio
408 2514 438 2544 V
463 2522 531 2556 my.
558 2522 603 2545 m.
628 2513 672 2555 2,
701 2514 749 2546 N:
775 2510 885 2545 hamo
913 2514 937 2544 0
964 2511 1038 2555 (sed
1063 2511 1093 2545 h
1113 2522 1294 2556 suprascr.
1321 2513 1363 2546 in
1385 2512 1458 2557 1¹)ss
1476 2514 1520 2547 82
1545 2512 1695 2548 nomine
1719 2516 1749 2546 V

222 2582 267 2605 m.
293 2572 319 2606 2
341 2572 346 2615 1
368 2570 486 2604 hebur
510 2573 538 2602 Ε
556 2570 568 2614 ss
588 2572 633 2604 83
660 2570 738 2605 Hac
763 2581 843 2616 eyo:
868 2570 948 2605 Hoc
975 2573 999 2604 0
1026 2569 1095 2605 Hic
1120 2575 1151 2605 Ν
1173 2572 1178 2614 Ι
1200 2571 1361 2616 coli‘ipna
1384 2574 1412 2604 Ε
1431 2574 1463 2604 Ν
1497 2571 1511 2615 ΙΙ
1546 2573 1592 2606 84
1622 2582 1749 2607 currus

223 2631 279 2674 (us
303 2630 345 2664 in
370 2630 458 2672 ras.)
483 2631 512 2661 V
534 2629 540 2673 Ι
561 2630 691 2664 uector
714 2633 742 2662 Ε
766 2640 810 2664 m.
837 2632 875 2673 2,
901 2632 930 2661 V
955 2639 1066 2674 corr.‚
1091 2632 1138 2664 N:
1164 2629 1286 2664 uicssor
1311 2632 1336 2663 0
1355 2631 1368 2674 ΙΙ
1386 2633 1431 2665 85
1455 2629 1528 2664 Hic
1553 2630 1749 2666 Tiburtina

223 2688 323 2723 iaces
343 2688 455 2722 Itali:
483 2686 556 2721 Sed
581 2687 763 2722 tiburtina
786 2687 886 2723 iacet
911 2688 972 2722 hic
990 2692 1018 2721 Ε
1038 2687 1111 2722 Sed
1129 2687 1280 2723 tiburna.
1304 2689 1394 2733 (tyb.
1413 2690 1457 2733 D)
1481 2688 1579 2724 iacet
1596 2689 1658 2724 hic
1675 2694 1705 2723 D
1718 2693 1750 2724 Ν

223 2746 403 2782 Tiburina
427 2759 452 2781 u
477 2746 555 2790 (hoc
580 2749 693 2781 totum
717 2747 759 2781 in
783 2757 874 2790 ras.,
907 2750 939 2781 et
964 2759 987 2781 u
1012 2749 1209 2791 expuncta)
1234 2746 1332 2781 iacet]
1357 2746 1417 2781 hic
1442 2749 1472 2780 V
1502 2746 1573 2782 hac
1591 2759 1663 2791 pro
1688 2747 1750 2783 hic

224 2816 246 2843 ς
264 2807 277 2851 ΙΙ
296 2810 340 2841 86
366 2805 498 2840 aniene
518 2814 557 2842 ςε
583 2804 715 2840 aniane
740 2810 768 2839 1)
787 2809 819 2839 Ν
838 2808 868 2839 V
893 2804 1026 2840 aniane
1051 2809 1078 2839 Ε
1114 2807 1127 2851 ΙΙ
1163 2809 1207 2841 87
1234 2806 1366 2851 sopnia
1389 2809 1417 2838 Ε
1434 2806 1448 2850 ΙΙ
1465 2808 1510 2840 91
1536 2805 1663 2841 lethea
1687 2809 1713 2840 0
1736 2806 1750 2854 Η

225 2869 269 2901 92
298 2876 388 2900 onus
413 2875 478 2899 om.
505 2868 550 2908 Ε,
577 2865 661 2900 add.
687 2875 755 2910 my.
781 2875 826 2899 m.
852 2867 878 2900 2
897 2865 910 2910 ΙΙ
922 2868 1007 2909 post
1032 2868 1075 2899 92
1102 2864 1324 2900 Fonteiuius
1349 2867 1487 2900 55—70
1512 2865 1642 2901 inserit
