1898 3190
710 151 1090 198 PRQLEGOMENA„
1532 155 1674 191 xxvn

145 259 245 316 gine
275 259 367 302 siue
396 260 510 302 inter
538 260 677 303 lineas
709 261 910 316 adposita
939 261 1151 317 irrepsere
1181 263 1227 304 in
1251 264 1430 305 textum.
1468 264 1530 306 sic
1555 264 1577 305 I
1606 266 1673 321 18,

148 328 204 372 15
233 328 416 373 ‘flendo’
447 331 503 374 ad
532 346 572 374 11.
596 332 662 387 16,
694 332 756 374 sic
786 331 831 374 H
865 331 932 387 14,
951 332 978 375 6
1010 331 1165 375 ‘soror'
1196 333 1251 375 ad
1281 348 1433 377 uocem
1465 334 1671 378 ‘Electra'

145 400 362 458 adscripta
392 403 591 458 expulere
621 403 853 459 genuinam
882 403 1130 459 lectionem3
1168 405 1227 447 sic
1259 404 1324 447 IV
1354 405 1401 460 4,
1431 406 1488 448 47
1527 407 1672 462 glossa

145 471 324 529 ‘pugna’
342 487 474 528 supra
494 472 766 517 ‘cessabitur'
786 474 932 517 addita
949 475 1119 530 peperit
1143 475 1339 530 ineptum
1360 475 1468 518 illud
1494 477 1671 534 ‘pugna-

142 543 289 587 bitur'.
343 558 428 600 quo
459 543 609 587 eodem
646 543 835 587 remedio
873 546 998 587 caute
1030 544 1224 587 adhibito
1263 560 1352 589 non
1384 547 1533 591 dubito
1566 550 1671 606 quin

141 614 375 657 nonnullae
418 615 687 670 corruptelae
730 615 952 671 grauiores
994 615 1091 658 tolli
1132 617 1314 671 possint.
1375 634 1514 674 pauca
1560 621 1671 664 dabo

143 685 350 741 exempla.
397 684 420 727 Ι
453 686 520 742 11,
554 686 698 728 1—4:

318 768 486 824 Ecquid
515 771 559 811 te
590 768 743 812 mediis
773 771 1025 825 cessantem,
1056 768 1256 827 Cynthia,
1287 771 1405 829 Bais,

385 838 479 889 Qua
508 839 622 882 iacet
650 839 875 882 Herculeis
905 841 1058 883 semita
1088 841 1303 894 litoribus,

318 908 379 952 Et
408 910 536 952 modo
568 909 800 966 Thesproti
829 911 1059 954 mirantem
1090 912 1264 955 subdita
1294 928 1429 970 regno

380 981 584 1024 Proxima
613 981 793 1025 Misenis
824 997 1011 1038 aequora
1041 984 1262 1027 nobilibus
1294 1000 1382 1042 eqS.

139 1078 268 1107 uersu
286 1063 440 1107 ultimo
460 1065 660 1122 egregiae
681 1064 890 1122 Scaligeri
910 1066 1202 1110 emendationi
1230 1068 1432 1111 inmerito
1460 1068 1515 1111 ab
1539 1068 1667 1110 huius

139 1135 299 1178 saeculi
329 1135 565 1179 editoribus
597 1139 768 1192 spretae
799 1135 853 1179 ‘et
875 1138 993 1180 modo
1011 1137 1191 1181 Misenis
1219 1154 1406 1195 aequora
1429 1139 1666 1182 nobilibus'

140 1220 266 1249 suum
300 1206 474 1249 restitui
509 1206 556 1249 in
592 1209 714 1250 textu
749 1208 904 1250 locum.
957 1224 1060 1251 nam
1100 1209 1247 1264 inepte
1284 1209 1330 1251 in
1372 1209 1525 1252 mediis
1562 1209 1667 1252 Bais

140 1274 243 1332 (hoc
273 1277 351 1332 est,
380 1276 430 1319 in
458 1276 600 1319 media
629 1277 754 1333 urbe)
786 1292 953 1321 cessare
980 1278 1168 1335 Cynthia
1198 1279 1367 1335 dicitur,
1397 1281 1604 1323 traditam
1630 1281 1668 1323 si

140 1347 359 1403 sequimur
389 1348 666 1403 scripturam3
697 1351 812 1392 recte
838 1349 1007 1403 dicitur,
1031 1351 1106 1393 ubi
1125 1350 1257 1393 Baias
1282 1352 1396 1394 inter
1413 1352 1520 1395 duos
1546 1353 1665 1395 locos

138 1419 303 1462 medias
332 1419 640 1476 intellegimus.
694 1421 898 1463 nimirum
928 1422 975 1464 in
1006 1422 1162 1465 semita
1192 1421 1405 1466 Herculea
1442 1424 1665 1466 ambulan-

138 1490 255 1533 tibus
292 1504 343 1533 ex
378 1505 465 1533 una
500 1493 623 1547 parte
660 1507 778 1535 mare
810 1492 1043 1548 Thesproti
1079 1494 1245 1549 regnis,
1282 1508 1335 1536 ex
1373 1495 1511 1537 altera
1547 1509 1665 1537 mare

137 1560 318 1604 Misenis
349 1561 590 1605 subiectum
622 1563 979 1619 conspiciebatur.
1024 1567 1090 1607 est
1121 1567 1266 1607 autem
1297 1565 1406 1608 illud
1438 1556 1664 1622 ‘proxima'

139 1631 286 1688 glossa
320 1633 442 1676 uocis
473 1632 701 1688 ‘subdita',
740 1649 850 1690 quae
886 1638 1060 1692 recepta
1096 1639 1340 1679 contortam
1376 1636 1482 1679 fecit
1511 1637 1663 1679 uerbo-

136 1716 234 1745 rum
265 1705 524 1746 structuram
555 1705 779 1761 effecitque
811 1708 860 1748 ut
882 1706 1013 1761 plane
1039 1707 1321 1763 singulariter
1346 1708 1386 1750 ei
1412 1707 1527 1763 quod
1556 1708 1664 1763 legi-

136 1774 209 1815 tur
237 1788 278 1816 11.
308 1773 336 1816 3
368 1772 428 1817 ‘et
458 1773 601 1817 modo'
633 1775 743 1818 desit
773 1776 842 1819 cui
872 1777 1139 1832 respondeat.
1163 1803 1213 1808 —
1250 1777 1293 1820 H
1324 1779 1395 1834 32,
1420 1779 1616 1821 33—36:

313 1856 416 1912 Ipsa
430 1856 591 1913 Venus,
617 1859 815 1914 quamuis
839 1863 1044 1915 corrupta
1074 1861 1251 1909 libidine
1281 1848 1460 1918 Martis,'

378 1927 470 1972 Nec
499 1929 643 1972 minus
674 1930 721 1972 in
751 1931 872 1974 caelo
904 1946 1073 1987 semper
1103 1933 1286 1976 honesta
1315 1933 1413 1987 fuit,

314 1998 521 2049 Quamuis
552 1999 631 2043 Ida
660 2000 807 2044 Parim
836 2005 1056 2058 pastorem
1087 2003 1203 2046 dicat
1232 2019 1400 2047 amasse

378 2071 522 2127 Atque
551 2071 666 2114 inter
694 2073 879 2128 pecudes
911 2074 1162 2117 accubuisse
1193 2075 1328 2117 deam.

135 2153 243 2196 false
273 2153 421 2196 Parim
451 2153 636 2197 Veneris
667 2158 905 2199 amatorem
935 2157 1044 2213 fingi
1075 2173 1172 2200 cum
1202 2173 1291 2201 non
1321 2159 1478 2201 lateret
1509 2159 1661 2202 doctos

136 2222 209 2280 (ex
250 2225 406 2280 quibus
449 2225 612 2280 optime
661 2226 712 2268 de
754 2227 840 2269 loci
890 2227 1144 2271 difficultate
1193 2229 1396 2271 disseruit
1442 2229 1661 2285 Hauptius

137 2309 281 2350 opusc.
304 2294 347 2337 H
377 2310 417 2350 p.
437 2296 494 2338 60
514 2295 625 2353 sqq.)
632 2330 645 2352 ‚
675 2297 872 2340 certatim
902 2298 1003 2341 Pari
1041 2299 1179 2342 eiecto
1210 2300 1433 2343 Anchisen
1462 2301 1660 2343 restitue-

136 2365 245 2408 bant
256 2363 312 2419 *).
343 2363 572 2408 Schraderi
602 2369 749 2410 autem
778 2368 1003 2411 inuentum
1034 2369 1268 2426 ‘Phrygem
1299 2371 1549 2426 pastorem'‚
1580 2372 1662 2414 etsi

135 2435 290 2479 ceteris
331 2437 571 2492 praecellit,
613 2441 759 2480 tamen
801 2440 1016 2496 quomodo
1064 2441 1111 2482 in
1161 2442 1418 2497 scripturam
1467 2442 1660 2484 codicum

136 2506 256 2549 abire
291 2507 483 2562 potuerit
518 2523 607 2551 non
643 2508 707 2551 ita
741 2509 891 2566 liquet.
947 2526 1056 2567 quae
1093 2511 1238 2555 mendi
1269 2512 1393 2568 origo
1430 2513 1663 2556 manifesta

229 2658 264 2704 ⁸⁹)
302 2671 397 2695 unus
427 2659 486 2695 his
517 2659 660 2695 ultimis
691 2652 798 2697 annis
830 2663 874 2699 A.
898 2662 1048 2699 Palmer
1079 2663 1289 2710 [Hermath.
1315 2664 1350 2700 V
1375 2665 1460 2711 261]
1493 2664 1588 2700 nihil
1618 2666 1660 2700 ut

134 2717 250 2754 totius
274 2717 350 2753 loci
375 2717 432 2754 ita
455 2729 630 2754 uersuum
655 2723 798 2756 37-40
820 2721 966 2767 pondus
997 2722 1202 2768 respiciens
1225 2723 1370 2759 Paridis
1396 2735 1481 2759 cum
1508 2723 1658 2759 Oenone

133 2787 298 2813 amorem
322 2777 371 2812 ab
394 2777 565 2814 hocloco
584 2777 851 2815 alienissimum
875 2780 1090 2817 intrudebat
1114 2781 1168 2817 ita
1193 2782 1393 2829 ‘Pegasida
1411 2783 1477 2818 Ida
1496 2782 1657 2827 Parim’‚

134 2847 181 2872 nc
209 2846 309 2872 noua
337 2835 489 2881 quidem
521 2837 751 2883 coniectura,
782 2849 867 2875 cum
890 2839 968 2875 iam
993 2839 1134 2876 dudum
1159 2842 1286 2879 Astius
1318 2841 1457 2878 similia
1481 2841 1658 2888 (Pegasi,

134 2897 174 2933 te
201 2895 270 2932 Ida
291 2895 332 2932 P.
357 2907 394 2943 p.
419 2894 512 2932 dicit
536 2917 580 2923 —-
605 2897 729 2944 deae’)
753 2897 931 2935 futtiliter
954 2899 1184 2937 coniecisset.
