1936 3216
754 174 1136 212 PBOLEGOMENA.
1658 173 1710 208 XI

187 287 362 331 tandem
397 286 556 330 ueteris
591 285 693 328 libri
731 284 902 328 saeculo
932 282 1038 326 XIV
1075 282 1286 338 protracti
1324 282 1539 337 scriptura
1575 282 1712 324 incor-

187 361 317 415 rupta
345 360 390 400 et
407 357 611 400 ‘infucata
639 357 747 399 locis
777 356 907 412 longe
937 354 1133 410 plurimis
1155 355 1316 410 pateat,
1339 356 1486 396 tamen
1515 354 1711 408 postero-

186 445 284 472 rum
313 428 534 472 sedulitati
564 428 763 470 relictum
791 429 860 469 est
889 441 975 482 quo
1006 427 1161 468 nostra
1191 425 1485 480 suppleantur.
1531 424 1711 466 laetabi-

186 515 286 544 mur
313 513 437 556 ergo,
474 500 511 542 si
541 499 732 542 familiae
764 498 949 540 maxime
978 503 1063 539 AF
1094 507 1210 538 noua
1246 495 1511 550 exemplaria
1541 495 1712 551 integra

185 571 370 628 posthac
393 570 619 627 continget
642 584 665 612 e
690 568 869 612 latebris
894 582 1060 611 eruere:
1091 567 1219 610 modo
1246 581 1301 610 ne
1326 570 1491 610 stercus
1522 566 1713 609 uendant

186 657 268 699 pro
298 657 417 686 auro.
883 630 898 643 ’

304 712 390 757 Sed
431 715 663 769 antequam
706 711 760 754 ad
802 711 890 754 alia
938 709 1251 767 transgredior,
1299 709 1513 765 quomodo
1563 722 1710 751 eorum

186 785 415 840 librorum,
451 784 505 826 ad
535 798 643 839 quos
674 782 888 838 Propertii
918 781 1113 824 recensio
1143 782 1211 823 est
1241 780 1491 837 derigenda,
1529 780 1710 835 scriptu·

185 871 280 899 ram
309 854 539 899 adtulerim
571 868 795 910 exponam.
827 867 1085 908 quamquam
1118 845 1234 894 enim
1266 851 1602 908 orthographica
1633 851 1710 893 mi-

184 928 301 970 nime
331 925 487 982 spreui,
516 927 664 967 tamen
689 924 899 980 quaedam
928 923 1168 966 minutiora
1198 923 1336 966 omisi.
1377 925 1422 965 et
1451 923 1640 978 primum
1670 929 1711 964 A

185 999 231 1040 et
263 1003 301 1040 Ξ·
337 996 426 1039 fere
464 1009 633 1051 semper
671 994 832 1051 (minus
872 996 1124 1037 constanter
1153 986 1227 1051 N)
1263 1008 1284 1036 e
1319 1007 1399 1049 pro
1436 990 1486 1036 ae
1527 993 1710 1048 habent;

188 1083 318 1126 porro
349 1081 499 1111 omnes
531 1066 695 1109 codices
726 1066 891 1121 passim
921 1079 943 1108 c
971 1079 1050 1121 pro
1082 1068 1100 1107 t
1129 1063 1351 1119 (precium,
1381 1064 1619 1119 hospicium,
1648 1064 1711 1106 ui-

182 1141 314 1192 cium,
344 1139 513 1191 tociens,
542 1139 725 1192 symm-i
754 1136 962 1193 aliaque),
993 1138 1011 1179 i
1044 1151 1124 1192 pro
1154 1151 1183 1192 y
1213 1135 1282 1193 (ut
1310 1135 1485 1191 cinthia,
1514 1150 1594 1191 pro
1626 1150 1711 1190 quo

185 1211 316 1254 cintia
350 1209 566 1253 interdum
596 1216 653 1264 F,
682 1209 866 1263 nimfflm,
904 1206 1024 1265 lira);
1059 1222 1199 1263 neque
1230 1207 1374 1250 ubiuis
1412 1206 1636 1260 adnotaui,
1674 1206 1711 1248 si

182 1285 469 1337 contempnere,
498 1294 694 1335 sompnus
725 1280 966 1335 similiaque
997 1280 1042 1321 in
1072 1286 1109 1321 Ε·
1141 1282 1184 1321 et
1214 1285 1256 1321 N
1288 1281 1453 1334 extant3
1483 1278 1711 1320 fluctuant-

185 1367 268 1410 que
298 1351 438 1395 eidem
462 1351 574 1394 inter
598 1352 697 1394 litus
721 1354 764 1393 et
789 1352 904 1394 limes
933 1349 1014 1408 (sic
1039 1350 1127 1393 fere
1154 1364 1323 1405 semper
1346 1349 1517 1406 ADV);
1547 1349 1713 1391 habent

183 1423 336 1467 deinde
364 1437 545 1479 nanque,
574 1424 745 1477 ianque,
775 1424 1019 1477 quicunque,
1049 1435 1282 1475 nunquam,
1318 1434 1522 1475 unquam,
1554 1421 1711 1463 cimm-

181 1496 285 1539 dare
319 1497 366 1538 et
393 1495 436 1537 id
473 1508 609 1550 genus
647 1495 786 1536 multa
821 1500 909 1537 DV
947 1493 1063 1550 (raro
1103 1499 1255 1547 AEN,
1293 1493 1366 1549 qui
1404 1493 1653 1548 plerumque
1688 1497 1717 1534 ῖι.

182 1563 432 1622 praebent);
468 1565 679 1617 stabiioere,
716 1566 902 1608 traiicere
940 1567 1041 1607 ectr.
1071 1570 1158 1607 DV
1190 1562 1297 1619 (non
1326 1562 1477 1618 ΑΓΗ)
1515 1563 1712 1606 scribunt

185 1637 405 1692 eidemque
435 1650 622 1692 moerere,
652 1640 837 1688 moestus,
863 1636 1035 1690 proelia,
1062 1636 1191 1688 foelix
1222 1635 1326 1690 alia3
1358 1635 1433 1677 sed
1458 1649 1511 1676 ex
1540 1634 1611 1676 his
1642 1635 1714 1676 sed

82 1763 94 1772 ⁸
183 1707 328 1763 recepi
371 1706 436 1762 (s;
468 1727 525 1741 =
554 1710 615 1750 set
650 1721 778 1762 saepe
815 1704 984 1763 AFN);
1022 1705 1203 1761 denique
1246 1705 1371 1747 michi
1413 1705 1460 1747 in
1496 1711 1537 1747 A
1579 1707 1623 1746 et
1659 1711 1737 1758 Ns

184 1777 360 1821 thaam
388 1777 432 1820 in
456 1785 494 1820 F
519 1778 698 1821 obuium
736 1780 780 1821 et
816 1777 1064 1820 huiusmodi
1101 1777 1357 1833 quisquilias
1395 1776 1501 1818 alias
1541 1790 1711 1831 semper

183 1848 424 1892 adscribere
462 1864 551 1892 non
594 1850 658 1892 ita
688 1849 814 1892 anxie
851 1849 996 1892 studui
1031 1851 1184 1904 utpote
1221 1849 1266 1890 in
1297 1847 1420 1890 libris
1453 1847 1709 1890 recentibus.

186 1935 326 1977 neque
363 1935 511 1963 omnes
549 1935 654 1976 quas
692 1928 734 1964 V
763 1935 817 1963 m.
841 1923 873 1963 2
901 1919 1082 1974 praebet
1124 1919 1481 1974 interpolationes
1525 1933 1708 1961 comme-

192 1992 379 2046 moraui,
416 1991 491 2034 sed
528 1992 721 2047 potiores
753 1991 1013 2047 cognitaque
1044 1990 1187 2033 utiles.

302 2133 480 2189 Iamque
519 2133 732 2189 quomodo
764 2133 931 2175 duobus
962 2132 1047 2175 illis
1074 2131 1337 2188 apographis
1362 2146 1428 2191 ex>
1444 2134 1616 2174 uetusto
1642 2146 1711 2174 co-

185 2205 277 2248 dice
308 2202 455 2261 (quem
486 2204 644 2247 abhinc
675 2211 711 2247 Ο
743 2203 1013 2260 significabo)
1045 2203 1171 2245 factis
1204 2203 1262 2245 sit
1286 2202 1503 2257 utendum,
1534 2202 1585 2244 de
1616 2202 1710 2257 ipso

184 2282 222 2319 Ο
251 2275 469 2331 uariisque
498 2274 618 2317 uitiis
648 2289 725 2329 per
761 2276 1007 2330 temporum
1038 2274 1265 2316 decursum
1296 2274 1342 2315 in
1372 2273 1589 2328 Propertii
1620 2288 1710 2316 car-

184 2346 305 2388 mina
332 2346 480 2388 inlatis
512 2348 557 2387 et
586 2345 811 2387 doctorum
842 2345 894 2387 de
925 2345 1080 2387 studiis
1112 2347 1178 2387 est
1208 2344 1520 2400 exponendum.

305 2415 427 2459 Licet
445 2419 643 2458 neutrum
662 2415 765 2458 libri
784 2423 821 2459 Ο
841 2416 1142 2472 apographum
1161 2417 1317 2471 ipsum,
1343 2416 1416 2457 sed
1443 2415 1538 2458 sola
1556 2416 1713 2458 utrius-

189 2502 271 2544 que
302 2487 569 2542 exemplaria
599 2485 746 2541 (unius
776 2493 817 2529 A
842 2490 886 2530 et
908 2494 945 2529 Γ
975 2502 1030 2530 m.
1047 2491 1086 2542 1,
1117 2487 1272 2543 quibus
1303 2487 1591 2542 supplementi
1616 2487 1710 2529 loco

186 2557 352 2601 accedit
381 2564 438 2613 N,
468 2557 646 2600 alterius
676 2564 715 2600 D
746 2560 791 2600 et
818 2565 860 2601 V
889 2572 944 2601 m.
968 2557 1014 2615 1)
1044 2558 1171 2601 nobis
1204 2557 1359 2613 adsint,
1390 2561 1536 2600 tamen
1567 2572 1618 2600 ex
1643 2557 1711 2600 his

186 2631 348 2672 certam
386 2629 612 2671 amborum
648 2628 881 2685 imaginem
917 2632 1065 2672 mente
1098 2629 1225 2672 nobis
1256 2629 1526 2672 conformare
1562 2643 1711 2684 possu-

186 2714 295 2742 mus.
338 2702 383 2742 et
405 2699 452 2742 in
473 2699 720 2742 uniuersum
740 2699 910 2755 quidem
937 2702 1195 2756 apparatum
1214 2700 1412 2742 criticum
1431 2699 1711 2755 perlustranti

188 2774 378 2828 apparet,
407 2771 578 2827 utrique
601 2771 794 2813 familiae
818 2786 897 2826 par
915 2771 1219 2813 uindicandum
1244 2772 1429 2826 pretium
1454 2785 1592 2825 neque
1618 2784 1711 2811 esse

186 2857 262 2886 cur
292 2842 474 2884 alteram
503 2856 606 2898 prae
644 2842 784 2884 altera
814 2843 1089 2885 extollamus:
1126 2857 1227 2885 suas
1258 2842 1409 2884 ambae
1447 2841 1583 2883 bonas
1621 2856 1710 2883 ma-

185 2913 336 2970 lasque
367 2913 576 2956 lectiones
607 2913 829 2968 praebent.
878 2914 940 2957 sic
971 2928 1033 2956 ex.
1060 2927 1124 2970 gr.
1154 2913 1317 2958 habent
1347 2913 1369 2955 I
1404 2914 1440 2967 1,
1470 2914 1489 2954 1
1524 2912 1628 2966 cepit
1649 2917 1710 2953 V:
