1898 3190
243 133 328 175 150
683 133 942 169 PROPERTII
963 129 1056 170 ΜΒ.
1083 133 1145 169 ΙΠ.
1170 137 1227 170 23.
1253 137 1310 169 24.

419 242 626 297 ε11618601,
658 242 862 297 quoniam
893 256 957 297 68,
986 241 1122 297 lente,
1153 244 1345 284 moratus
1375 242 1480 285 heri.

359 313 430 354 An
461 313 542 354 tibi
571 313 716 355 nescio
749 327 856 369 quae
887 313 983 355 uisa
1014 314 1081 354 est
1110 312 1367 355 formosior?
1399 329 1455 357 an
1485 316 1534 358 tu

417 381 518 425 Non
548 383 656 425 bene
689 383 740 425 de
770 383 898 426 nobis
929 383 1110 425 crimina
1139 383 1241 426 ficta
1271 383 1431 426 iacis?’

304 464 346 496 15
360 453 450 495 Aut
480 453 588 496 dixit
620 453 781 495 ‘uenies
812 453 959 509 hodie,
990 453 1254 496 cessabimus
1286 469 1389 496 una:

419 524 671 580 Hospitium
701 528 797 569 tota
827 527 954 568 nocte
984 525 1155 580 parabit
1185 523 1354 581 Amor',

360 595 420 638 Et
451 611 742 652 quaecumque
775 597 917 639 calens
949 596 1109 651 reperit
1138 610 1226 638 non
1257 596 1392 639 stulta
1421 598 1582 654 puella,

419 665 606 709 Garrula
637 682 733 709 cum
763 667 932 709 blandis
964 667 1121 709 dicitur
1151 666 1260 709 hora
1289 667 1417 710 notis.

360 737 428 779 Me
460 738 682 793 miserum,
712 738 782 780 his
816 738 972 793 aliquis
1003 737 1218 780 rationem
1249 738 1400 781 scribit
1430 754 1586 783 auarus
1593 775 1605 796 ‚

302 820 346 850 20
418 808 478 851 Et
507 810 631 864 ponit
662 809 790 852 duras
821 809 932 851 inter
963 809 1271 864 ephemeridas.
1303 824 1308 829 ⁴

362 880 477 930 Quas
510 881 548 922 si
579 880 675 935 quis
707 880 815 922 mihi
846 880 1079 936 rettulerit,
1110 880 1340 923 donabitur
1371 896 1493 925 auro:

420 951 525 1001 Quis
555 965 635 1006 pro
668 950 830 993 diuitiis
860 950 980 1006 ligna
1010 953 1178 993 retenta
1208 951 1343 994 uelit?

361 1022 381 1064 I
413 1037 534 1077 puer,
567 1023 610 1063 et
641 1021 750 1063 citus
782 1020 887 1064 haec
920 1021 1065 1077 aliqua
1094 1037 1285 1077 propone
1317 1023 1534 1079 columna,

420 1093 480 1135 Et
511 1092 733 1135 dominum
763 1092 973 1148 Esquiliis
1006 1093 1142 1135 scribe
1173 1093 1368 1136 habitare
1399 1096 1532 1137 tuum.

923 1377 1093 1426 XXIV.

361 1483 489 1526 Falsa
521 1485 588 1525 est
617 1483 702 1525 ista
731 1485 850 1537 tuae,
881 1482 1054 1538 mulier,
1083 1483 1240 1525 fiducia
1269 1483 1451 1540 formae,

420 1555 537 1597 Olim
570 1554 705 1596 oculis
736 1553 917 1595 nimium
947 1554 1065 1595 facta
1096 1554 1281 1609 superba
1311 1555 1432 1598 meis.

361 1625 521 1668 Noster
553 1640 674 1667 amor
703 1625 812 1666 tales
844 1624 997 1666 tribuit
1027 1624 1128 1680 tibi,
1159 1623 1363 1680 Cynthia,
1392 1626 1559 1669 laudes:

420 1696 628 1739 Versibus
660 1696 878 1752 insignem
909 1698 952 1738 te
983 1695 1116 1751 pudet
1147 1711 1239 1739 esse
1270 1698 1390 1740 meis.

326 1767 542 1810 5Mixtam
574 1770 618 1809 te
649 1767 771 1809 uaria
801 1766 976 1809 laudaui
1007 1781 1135 1821 saepe
1164 1767 1319 1823 figura,
1387 1765 1389 1767 ’

420 1838 498 1893 Ut,
530 1838 643 1894 quod
673 1853 762 1880 non
794 1852 929 1893 esses,
961 1852 1054 1880 esse
1085 1841 1257 1892 putaret
1288 1854 1425 1882 amor:

361 1910 420 1952 Et
451 1910 569 1952 color
600 1912 666 1952 est
695 1909 856 1952 totiens
888 1923 1013 1952 roseo
1045 1909 1227 1952 collatus
1257 1909 1370 1966 Eoo,

337 2085 425 2121 Vin.
453 2098 552 2120 macr.
607 2089 648 2120 12
669 2084 722 2120 eri
739 2089 766 2118 F
785 2096 830 2120 m.
851 2087 871 2119 1
891 2085 904 2130 ΙΙ
925 2088 967 2119 13
988 2085 1037 2119 At
1054 2087 1084 2118 V
1102 2096 1147 2121 m.
1167 2088 1194 2121 2
1215 2087 1220 2130 ί
1243 2086 1280 2120 et
1298 2087 1339 2120 tu
1353 2086 1516 2133 Guyetus
1527 2087 1540 2134 ΙΙ
1555 2092 1598 2123 14
1619 2088 1713 2124 bene
1727 2100 1766 2127 ⁴3:

242 2146 341 2181 bona
365 2148 390 2179 0
411 2145 533 2190 (etiam
552 2146 608 2189 N),
634 2145 730 2189 quod
749 2144 886 2189 poterit
909 2144 1059 2179 retineri
1082 2145 1116 2179 si
1141 2143 1311 2189 crimina,
1337 2145 1434 2190 ficte,
1458 2145 1550 2181 iacis
1571 2148 1736 2192 praefers
1758 2148 1763 2196 Ι

242 2205 288 2240 de
312 2203 421 2240 bonis
440 2208 467 2237 F
485 2215 530 2239 m.
551 2208 571 2239 1
591 2205 604 2249 ΙΙ
625 2207 667 2238 15
689 2203 783 2238 dixit
802 2212 840 2240 ⁶3:
866 2202 943 2238 dixi
963 2206 987 2236 0
1008 2202 1102 2238 dixti
1121 2213 1143 2240 ς
1165 2204 1169 2247 Ι
1191 2203 1319 2238 uenias
1339 2204 1436 2239 Itali
1455 2204 1460 2249 1
1484 2205 1707 2242 cessabimus
1726 2218 1767 2246 ⁴3:

243 2263 468 2299 cessauimus
495 2266 519 2296 0
539 2264 551 2308 ΙΙ
572 2266 614 2298 16
640 2262 790 2307 parabit
815 2262 1006 2297 Heinsius:
1033 2261 1183 2307 parauit
1208 2265 1232 2296 0
1263 2263 1275 2307 ΙΙ
1308 2266 1351 2298 17
1378 2263 1502 2298 calens
1524 2265 1674 2309 scripsi:
1699 2265 1766 2302 do-

242 2324 322 2358 lens
349 2326 373 2356 0
398 2322 529 2357 11016118
556 2322 652 2357 Itali
687 2322 699 2366 ΙΙ
738 2324 780 2355 18
806 2320 942 2355 dicitur
967 2331 1006 2358 ςε
1032 2320 1179 2356 ducitur
1204 2324 1229 2355 0
1252 2323 1256 2366 Ι
1277 2321 1376 2357 notis
1403 2323 1495 2367 (coll.
1523 2323 1632 2359 Ouid.
1657 2325 1704 2361 A.
1730 2325 1766 2360 A

242 2382 294 2416 ΠΙ
315 2383 396 2425 624)
423 2381 663 2416 Fonteinius:
691 2380 787 2415 dolis
814 2383 839 2413 0
864 2379 955 2415 10618
981 2380 1078 2414 Itali
1094 2381 1107 2425 ΙΙ
1128 2383 1170 2414 19
1196 2380 1359 2415 rationes
1381 2381 1631 2418 Marklandus
1651 2383 1657 2428 Ι
1679 2394 1768 2419 aua-

244 2452 306 2475 rus
333 2450 371 2478 ςι
398 2439 503 2475 auari
529 2442 554 2473 0
585 2440 597 2484 ΙΙ
628 2443 673 2474 20
699 2439 810 2474 duras
836 2442 878 2474 0:
906 2437 1004 2473 diras
1029 2443 1055 2472 F
1081 2451 1126 2474 m.
1151 2443 1195 2484 2,
1221 2442 1253 2473 N
1286 2441 1291 2484 Ι
1321 2450 1478 2485 epemer.
1505 2440 1700 2486 (suprascr.
1726 2441 1767 2477 hi

242 2511 287 2534 m.
315 2500 354 2544 2)
380 2502 407 2532 F
434 2497 612 2544 ephimer.
638 2503 684 2543 1),
703 2501 733 2531 V
758 2509 803 2533 m.
828 2501 849 2533 1
893 2499 906 2549 fl
933 2490 990 2532 *31
1032 2497 1162 2533 retulit
1186 2499 1224 2533 et
1249 2499 1303 2543 (et
1325 2499 1584 2544 suppunctum)
1608 2503 1636 2533 F
1671 2500 1685 2545 ΙΙ
1720 2503 1765 2535 22

241 2557 346 2603 ligna
370 2557 593 2593 Beroaldus:
620 2557 728 2603 signa
753 2560 777 2591 0
797 2559 810 2602 ΙΙ
829 2561 875 2592 24
900 2557 1070 2602 exquiliis
1095 2561 1122 2590 Ε
1148 2556 1316 2605 esquiliis
1340 2560 1371 2591 V

337 2628 469 2664 XXIV.
519 2628 632 2663 Noua
663 2628 775 2673 elegia
805 2638 885 2663 cum
910 2628 1016 2663 titulo
1041 2628 1089 2663 ad
1114 2628 1272 2664 amicam
1298 2628 1570 2674 superbientem
1596 2628 1658 2674 (ad
1682 2639 1765 2673 cyn-

243 2686 364 2723 thiam
388 2688 431 2732 D)
456 2687 498 2722 in
524 2690 548 2720 0
576 2688 588 2731 ΙΙ
614 2691 634 2722 2
661 2686 777 2722 0611118
797 2708 840 2712 -
860 2687 935 2722 tuis
959 2686 1202 2723 Burmannus
1227 2687 1342 2733 eleg-is
1362 2707 1405 2712 —
1426 2686 1517 2722 meis
1541 2686 1765 2723 Schraderus

243 2748 430 2783 bellissime
448 2748 460 2792 ΙΙ
479 2750 500 2781 5
525 2745 670 2781 Fictam
695 2746 890 2791 Heinsius3
910 2746 1120 2791 praeplacet
1145 2746 1211 2781 His
1236 2747 1315 2781 tam
1333 2747 1346 2791 ΙΙ
1365 2750 1386 2781 6
1411 2756 1510 2780 68868
1533 2749 1561 2779 Ε
1586 2757 1631 2782 m.
1650 2749 1689 2791 2,
1713 2749 1762 2782 Kx

243 2817 360 2842 essem
385 2809 412 2839 F
438 2805 537 2840 esset
560 2809 588 2839 D
609 2808 638 2838 V
665 2806 705 2850 (F
730 2816 798 2851 my.
824 2817 869 2841 m.
895 2806 936 2850 2)
959 2806 963 2850 Ι
987 2815 1066 2840 6886
1090 2807 1120 2838 V
1145 2816 1212 2851 my.
1238 2816 1282 2840 m.
1303 2808 1347 2848 2,
1371 2807 1420 2839 R:
1446 2804 1585 2850 s(a)epe
1611 2807 1635 2838 0
1654 2805 1667 2851 ΙΙ
1681 2807 1765 2850 post

246 2869 266 2900 6
294 2865 473 2900 distichon
498 2864 543 2900 ab
569 2863 618 2899 Et
642 2864 822 2910 incipiens
846 2864 1070 2900 intercidisse
1089 2867 1201 2910 putat
1224 2863 1269 2899 L.
1296 2863 1500 2900 Muellerus
