1898 3190
0 0 178 70 552³}
262 0 266 2 ’

606 157 871 195 PROPERTII
893 156 983 193 LIB.
1009 156 1038 194 Ι.
1066 160 1120 193 16.
1149 160 1204 192 17.
1601 153 1658 194 27

195 264 339 314 assed
368 271 418 312 tu
448 268 543 310 sola
571 269 675 323 mei,
704 269 754 310 tu
785 267 975 309 maxima
1005 279 1138 308 causa
1167 265 1347 316 doloris,

311 340 441 383 Victa
470 340 578 382 meis
608 353 861 395 numquam,
891 339 1038 392 ianua,
1069 336 1330 379 muneribus.

253 412 315 454 Te
343 425 431 454 non
460 412 553 454 ulla
581 425 703 453 meae
733 410 862 452 laesit
889 409 1131 464 petulantia.
1160 408 1349 463 linguae,

313 482 431 533 Quae
462 482 573 524 solet
601 482 772 537 ingrato
804 480 943 522 dicere
972 479 1133 535 probra
1162 479 1276 533 loco,

252 553 315 596 Ut
343 568 412 596 me
441 556 533 595 tam
562 553 696 608 longa
724 566 898 594 raucum
931 551 1096 606 patiare
1128 550 1319 606 querella

193 636 240 668 40
311 623 527 668 Sollicitas
555 624 686 666 triuio
717 622 976 678 peruigilare
1007 636 1164 664 moras.

255 697 316 740 At
344 695 427 738 tibi
458 709 586 751 saepe
615 709 730 737 nouo
762 693 915 735 deduxi
946 693 1137 735 earmina
1168 707 1313 747 uersu,

315 767 558 822 Osculaque
588 765 796 821 inpressis
825 765 914 807 fixa
943 764 1039 806 dedi
1071 752 1287 820 gradibus.

255 838 370 880 Ante
400 840 498 880 tuos
529 837 729 894 quotiens
759 836 871 879 uerti
902 850 989 890 me,
1019 835 1201 890 perfida,
1232 837 1397 890 postes,

314 907 556 963 Debitaque
587 908 765 950 occultis
796 911 902 950 uota
930 907 1012 948 tuli
1043 904 1284 948 manibusl'

197 989 244 1022 45
256 978 376 1022 Haec
406 979 478 1020 ille
511 982 555 1020 et
586 978 623 1020 si
654 992 763 1033 quae
795 978 942 1020 miseri
971 977 1158 1019 nouistis
1190 979 1385 1018 amantes

315 1049 375 1093 Et
405 1049 630 1092 matutinis
662 1049 875 1103 obstrepit
905 1048 1095 1102 alitibus.

258 1122 329 1164 Sic
360 1135 440 1178 ego
468 1135 583 1163 nune
614 1120 810 1162 dominae
840 1120 960 1162 uitiis
992 1122 1036 1161 et
1066 1133 1234 1174 semper
1265 1119 1451 1161 amantis

0 1217 13 1292 ἓ
315 1192 509 1235 Fletibus
541 1192 709 1234 alterna
739 1191 912 1233 differor
940 1191 1113 1234 inuidia.

0 732 8 792 'i
108 747 132 761 κ

0 1302 16 1548 ἱ
830 1417 978 1492 ΧῑζΠ.

259 1524 319 1567 Et
349 1525 520 1576 merito,
552 1524 755 1580 quoniam
786 1524 908 1580 potui
938 1523 1102 1579 fugisse
1132 1523 1342 1579 puellam,

318 1595 443 1638 Nunc
473 1609 554 1652 ego
586 1595 777 1638 desertas
808 1595 1007 1651 alloquor
1038 1595 1252 1650 alcyones.

260 1666 351 1709 Nec
382 1666 488 1708 mihi
521 1665 749 1721 Casiopest
779 1666 883 1708 olim
914 1666 1061 1708 uisura
1093 1666 1302 1720 carinam,

320 1737 559 1792 Omniaque
588 1737 762 1793 ingrato
792 1736 919 1779 litore
951 1739 1054 1779 uota
1085 1736 1254 1778 cadunt.

226 1808 375 1859 5Quin
407 1808 537 1850 etiam
570 1808 739 1850 absenti
769 1810 950 1862 prosunt
981 1808 1079 1862 tibi,
1109 1806 1313 1863 Cynthia,
1344 1808 1482 1850 uenti:

319 1878 494 1935 Aspice,
525 1894 653 1934 quam
685 1894 835 1922 saeuas
866 1880 1058 1935 increpet
1090 1894 1195 1921 aura
1229 1880 1381 1923 minas.

238 1996 329 2031 Vn.
354 2009 453 2032 mecm.
502 2000 547 2032 35
582 1997 626 2032 tu
662 2007 776 2032 causa
804 1996 969 2032 maxima
999 1996 1073 2032 dol.
1098 2000 1126 2030 r
1166 1998 1171 2040 ι
1211 1996 1349 2032 doloris
1374 2008 1419 2032 m.
1445 2000 1471 2032 2
1497 2007 1541 2031 ex
1566 1995 1667 2031 doris

143 2066 236 2092 corr.
261 2058 292 2090 V
326 2056 340 2101 Ι
374 2059 420 2091 37
455 2055 669 2102 petulancia
692 2059 723 2090 Δ
758 2057 772 2101 ss
807 2060 853 2092 38
889 2056 1039 2102 ingrato
1064 2056 1264 2092 Fruterius
1288 2060 1321 2091 et
1345 2056 1492 2092 Dousa:
1518 2055 1615 2091 irato
1642 2058 1666 2089 0

143 2114 262 2151 iratus
280 2115 377 2151 Itali
393 2114 491 2150 irato
504 2114 645 2151 —ioco
665 2115 842 2151 Heinsius
860 2115 978 2150 iratus
992 2136 1033 2141 —-
1050 2115 1157 2151 dolor
1168 2115 1390 2152 Fonteinius
1406 2115 1504 2151 irato
1518 2135 1564 2141 —
1578 2126 1668 2150 sono

143 2174 220 2220 ipse
238 2174 375 2211 conieci
394 2175 401 2220 Ι
420 2174 558 2220 probra
574 2175 723 2219 scripsi:
748 2175 831 2210 tota
849 2177 874 2208 0
895 2175 1006 2210 turba
1024 2185 1047 2213 ς
1064 2174 1156 2210 trita
1174 2175 1338 2221 Scaliyer
1357 2176 1436 2220 (hoc
1453 2185 1560 2210 sensu
1577 2174 1668 2209 nota

143 2233 272 2270 melius
293 2232 400 2277 foret)
431 2231 551 2267 multa
574 2231 760 2267 Graeuius
782 2234 892 2268 torua
921 2234 980 2268 uel
1009 2234 1100 2278 pota
1125 2233 1305 2269 Heinsius
1334 2234 1422 2269 ficta
1446 2233 1668 2269 Fonteinius

74 2319 79 2323 .
144 2291 259 2338 figere
280 2289 390 2328 theta
411 2290 457 2326 L.
478 2291 680 2326 Muellerus
696 2292 710 2336 u
728 2295 773 2326 39
799 2291 947 2336 paciare
971 2295 1002 2326 A
1035 2294 1040 2337 Ι
1074 2293 1226 2337 querela
1251 2296 1275 2327 0
1307 2294 1320 2339 ΙΙ
1350 2297 1395 2328 42
1420 2293 1528 2339 impr.
1554 2297 1583 2327 1)
1602 2296 1632 2326 V
1660 2293 1664 2338 l

145 2350 291 2387 inflexis
309 2370 354 2375 ——
373 2348 529 2395 genibus
553 2349 796 2385 Burmannus
840 2353 846 2393 1
889 2351 964 2386 fixa
989 2351 1174 2387 Graeuius
1206 2356 1239 2388 et
1263 2353 1457 2388 Heinsius:
1494 2352 1580 2387 nixa
1606 2355 1632 2386 0
1656 2351 1670 2398 Η

146 2414 192 2446 43
218 2408 394 2455 quociens
417 2410 448 2442 A
482 2408 496 2454 Ι
531 2411 578 2443 44
603 2408 736 2444 ocultis
760 2412 788 2443 F
807 2412 839 2444 R
873 2410 887 2455 Ι
922 2414 967 2445 46
1002 2410 1067 2457 Et]
1092 2411 1151 2446 En
1175 2412 1234 2447 uel
1257 2411 1339 2447 Heu
1363 2412 1542 2447 Heinsius
1566 2411 1668 2446 Haec

147 2469 362 2516 Liuineius3
386 2468 512 2503 malim
535 2468 579 2502 In
597 2469 656 2512 (=
669 2467 811 2515 interm
836 2473 882 2505 4⁷
906 2471 1019 2514 nunc]
1046 2472 1083 2506 et
1107 2473 1138 2504 Δ
1155 2474 1183 2504 F
1200 2471 1214 2516 fl
1231 2473 1278 2506 48
1302 2470 1448 2506 alterna
1473 2471 1669 2506 Marklan-

147 2529 232 2564 dus:
258 2529 439 2573 (metet-na
463 2530 488 2561 0
514 2527 598 2572 (eet.
618 2530 645 2560 F
663 2538 709 2562 m.
728 2528 764 2572 1)
787 2531 793 2572 Ι
814 2527 964 2564 differor
987 2532 1017 2562 V
1041 2541 1088 2566 m.
1112 2533 1156 2565 :22
1182 2529 1328 2564 deferor
1353 2533 1378 2563 0

241 2597 356 2634 XVII.
404 2598 518 2633 Noua
541 2598 654 2643 eleyia
678 2609 759 2633 cum
782 2599 888 2634 titulo
917 2599 967 2635 ad
991 2600 1182 2645 cynthiam
1206 2601 1248 2635 in
1273 2603 1298 2634 0
1341 2601 1353 2644 ΙΙ
1395 2604 1416 2635 2
1460 2599 1614 2635 318111138
1640 2603 1667 2633 F

147 2657 313 2694 31813038
335 2661 365 2691 1)
390 2656 566 2702 alcynoas
590 2660 621 2690 V
645 2658 768 2702 (huius
791 2669 859 2703 my.
885 2670 930 2693 m.
955 2662 982 2695 2
1007 2659 1224 2705 halcyonas)
1260 2660 1273 2704 11
1309 2664 1330 2694 3
1363 2659 1553 2705 Casiopest
1578 2659 1667 2695 olim

147 2717 296 2764 scripsi:
327 2715 476 2761 easiope
507 2716 666 2762 (8311098
690 2719 717 2749 1?
741 2728 787 2752 m.
813 2720 855 2763 1,
885 2717 1056 2764 casiopae
1081 2723 1110 2752 1)
1129 2721 1173 2763 V)
1204 2719 1315 2754 solito
1342 2722 1367 2753 0
1399 2719 1546 2754 solitam
1575 2719 1668 2753 Pas-

147 2776 304 2812 acratius
326 2774 485 2811 solidam
516 2776 814 2821 Wyttenbachius
843 2777 1000 2820 (saluam
1024 2777 1068 2813 L.
1096 2777 1309 2822 Muellerus)
1334 2777 1529 2822 Cassiopea
1554 2778 1667 2813 statio

149 2833 410 2870 Lachmannus
438 2835 452 2879 ΙΙ
482 2838 503 2869 4
530 2833 664 2870 Omnia
687 2846 758 2879 que
782 2837 860 2869 An
895 2837 909 2881 fl
944 2839 966 2870 5
993 2836 1064 2879 Qin
1088 2836 1236 2881 Vltibi
1258 2848 1375 2882 supra
1399 2838 1462 2872 lin.
1490 2837 1573 2872 add.
1600 2840 1666 2880 Π,

152 2897 174 2928 6
196 2891 364 2938 increpet
387 2897 416 2927 1>
434 2896 482 2929 V:
506 2893 675 2939 increpat
698 2896 728 2928 Δ
746 2897 773 2928 Ε
792 2897 823 2927 Π
849 2895 893 2939 (V
918 2906 964 2930 m.
989 2896 1031 2938 2)
