1898 3190
210 145 268 187 90
647 147 908 182 PROPERTII
931 147 1020 182 LIB‚
1046 147 1092 183 Π.
1119 151 1175 184 29.
1202 151 1258 183 30.

330 252 506 309 Aspice,
538 257 586 296 ut
615 255 661 296 in
692 257 786 297 toto
819 254 964 296 nullus
995 255 1102 296 mihi
1134 270 1310 310 corpore
1343 260 1493 313 surgat

389 323 592 381 Spiritus,
625 325 812 368 admisso
844 328 972 368 natus
1005 326 1241 370 adulterio?

329 394 466 451 Dixit,
498 398 541 438 et
572 396 774 451 opposita
804 396 1050 451 propellens
1082 397 1204 439 sauia
1235 397 1384 440 dextra

269 477 315 509 40
387 466 568 509 Prosilit
598 466 645 508 in
675 467 774 508 laxa
804 467 907 509 nixa
938 467 1090 522 pedem
1123 468 1249 510 solea.

330 536 399 579 Sic
432 552 512 593 ego
543 540 633 580 tam
667 538 805 580 sancti
837 539 975 580 cultor
1007 538 1201 581 secludor
1233 539 1409 582 amoris:

387 608 454 650 Ex
485 609 560 651 illo
591 608 697 650 felix
727 623 812 651 nox
843 609 951 651 mihi
982 609 1102 651 nulla
1132 609 1225 651 fuit.

898 883 1043 931 XXX.

328 987 420 1037 Quo
452 986 587 1042 fugis,
619 1002 644 1029 a
677 987 880 1029 demens?
911 987 1031 1030 nulla
1062 991 1128 1030 est
1157 987 1280 1043 fuga:
1311 989 1360 1030 tu
1391 988 1492 1030 licet
1521 1003 1654 1044 usque

387 1058 454 1100 Ad
487 1057 668 1100 Tanaim
699 1057 861 1114 fugias:
893 1073 1027 1114 usque
1060 1060 1261 1114 sequetur
1293 1058 1440 1102 Amor.

328 1127 429 1170 Non
462 1129 498 1170 si
529 1127 721 1185 Pegaseo
753 1130 936 1171 uecteris
970 1130 1017 1171 in
1050 1144 1145 1171 aere
1178 1129 1323 1185 dorso,

386 1200 478 1242 Nec
511 1200 591 1242 tibi
624 1201 661 1243 si
695 1201 839 1243 Persei
871 1202 1056 1243 mouerit
1087 1202 1157 1243 ala
1187 1201 1335 1256 pedes:

293 1281 313 1312 5
332 1270 413 1312 Vel
447 1271 483 1312 si
514 1273 557 1312 te
590 1274 730 1314 sectae
766 1272 937 1327 rapiant
966 1273 1175 1314 talaribus
1208 1287 1352 1328 aurae,

388 1342 461 1384 Nil
493 1342 574 1384 tibi
605 1341 807 1384 Mercurii
840 1343 1032 1397 proderit
1064 1343 1154 1385 alta
1184 1344 1266 1385 uia.

329 1413 472 1455 Instat
505 1428 673 1468 semper
705 1413 840 1456 Amor
872 1429 1002 1469 supra
1033 1416 1181 1468 caput:
1212 1414 1348 1457 instat
1380 1415 1562 1471 amanti,

389 1484 449 1526 Et
480 1484 627 1540 grauis
659 1485 751 1539 ipse
784 1499 911 1539 super
942 1485 1078 1527 libera
1110 1485 1221 1527 eolla
1252 1485 1383 1528 sedet.

328 1555 530 1597 Excubat
559 1556 630 1598 ille
662 1571 759 1598 acer
789 1559 933 1598 custos
966 1558 1009 1598 et
1039 1555 1191 1597 tollere
1222 1570 1458 1611 numquam

274 1638 317 1668 10
390 1626 449 1668 Te
480 1627 671 1682 patietur
702 1627 833 1669 humo
865 1627 1028 1669 lumina
1061 1629 1185 1681 capta
1218 1627 1361 1668 semel.

333 1696 392 1739 Et
422 1698 508 1740 iam
541 1699 578 1739 si
609 1712 776 1753 pecceS,
808 1698 910 1740 deus
944 1698 1175 1740 exorabilis
1207 1697 1281 1739 ille
1312 1700 1395 1749 est,

395 1767 440 1811 Si
471 1769 598 1811 modo
629 1769 868 1823 praesentis
901 1769 1057 1810 uiderit
1089 1783 1182 1810 esse
1213 1782 1371 1823 preces.

962 1868 985 1890 *

844 1925 867 1949 *
1081 1925 1104 1949 *

330 1994 422 2036 Ista
454 2008 576 2035 senes
608 1993 709 2035 lieet
742 1996 944 2035 accusent
975 1992 1174 2035 conuiuia
1205 1993 1318 2035 duri:

310 2099 400 2134 VAR.
427 2111 524 2134 Lacr,
576 2101 620 2132 38
646 2100 755 2133 natus
781 2098 911 2133 Dousa
930 2101 1054 2142 pater:
1080 2099 1189 2132 notus
1216 2100 1240 2131 0
1266 2098 1388 2133 motus
1415 2098 1615 2142 Marcilius
1644 2100 1657 2144 ΙΙ
1693 2102 1737 2134 39

211 2158 342 2193 suauia
366 2162 411 2202 D,
431 2161 461 2191 V
487 2170 527 2194 m.
554 2162 573 2192 1
610 2160 614 2203 1
643 2158 774 2193 dextra
799 2168 836 2195 ςε
864 2158 991 2192 nostra
1015 2162 1043 2192 D
1063 2160 1090 2190 Ε
1109 2159 1157 2201 N,
1183 2167 1249 2192 om.
1275 2159 1305 2189 V
1331 2167 1374 2191 m.
1400 2159 1420 2190 1
1448 2157 1566 2200 (ueste
1590 2168 1634 2192 m.
1661 2158 1701 2202 2)
1726 2156 1739 2203 ΙΙ

213 2221 257 2251 40
300 2217 386 2252 laxa
411 2220 438 2250 Ε
463 2228 531 2262 my.
558 2229 602 2252 m.
629 2220 673 2263 2,
708 2220 738 2250 V
769 2228 813 2251 ex
848 2227 958 2251 corr.:
997 2227 1086 2251 saxa
1120 2220 1148 2249 1)
1167 2219 1194 2248 Ε
1214 2218 1245 2248 N
1277 2218 1309 2249 et
1339 2215 1416 2250 sine
1445 2215 1557 2250 dubio
1581 2217 1611 2248 V
1641 2227 1686 2252 m.
1715 2219 1735 2251 1

213 2278 271 2319 (=
292 2278 332 2320 0)
362 2277 375 2321 ΙΙ
402 2280 446 2310 41
479 2276 600 2312 cultor
625 2275 794 2311 secludet
819 2286 896 2320 eqo:
931 2277 1055 2310 eustos
1080 2274 1250 2310 recludor
1274 2279 1302 2308 D
1322 2277 1351 2308 V
1377 2274 1540 2311 custodis
1566 2276 1685 2311 rector
1709 2279 1737 2308 Ε

213 2335 367 2370 custode
393 2335 541 2371 reludor
566 2338 597 2369 N
623 2335 747 2370 custos
773 2334 930 2370 reiector
955 2344 976 2371 ς
1009 2335 1132 2369 custos
1169 2333 1308 2369 eiector
1335 2334 1568 2369 Passeratius
1592 2333 1738 2369 custodi

213 2395 388 2429 excludor
414 2395 592 2430 Heinsius
618 2395 741 2429 custos
775 2393 904 2429 eludor
928 2393 1171 2428 Burmannus
1202 2392 1318 2428 cultu*
1338 2392 1507 2428 secludor
1531 2392 1736 2428 Lachman-

213 2464 283 2487 nus
301 2456 313 2498 [1
332 2458 376 2487 42
403 2465 476 2489 nox
501 2463 539 2491 3:
564 2465 640 2488 non
665 2456 690 2487 0

307 2523 420 2560 ΧΧΧ.
470 2525 653 2559 Adhaeret
673 2524 796 2569 priori
820 2524 862 2559 in
887 2526 930 2568 0,
955 2524 1146 2568 separauit
1168 2526 1198 2556 V
1223 2535 1268 2558 m.
1294 2526 1319 2559 2
1338 2525 1370 2556 H
1399 2524 1412 2568 ΙΙ
1441 2525 1612 2568 quattuor
1635 2523 1736 2567 fray-

213 2583 341 2617 mentis
379 2584 430 2618 eis
467 2594 558 2628 quae
589 2584 748 2618 distinxi
777 2584 842 2618 hoc
876 2594 1021 2618 carmen
1050 2584 1093 2617 in
1118 2586 1143 2616 0
1174 2593 1248 2618 uno
1279 2586 1398 2617 tenore
1427 2582 1542 2626 fluens
1575 2582 1738 2617 constare

212 2642 391 2676 intelleaeit
415 2642 683 2678 Heimreichius
723 2643 736 2687 ΙΙ
783 2646 799 2676 1
827 2642 877 2677 ha
900 2645 927 2675 Ε
953 2642 1002 2677 ah
1027 2643 1133 2678 ceteri
1161 2643 1174 2687 ΙΙ
1205 2646 1225 2677 2
1251 2640 1393 2676 tanaim
1417 2642 1466 2674 V:
1493 2641 1638 2675 tantam
1662 2645 1690 2674 1)
1709 2644 1736 2675 Ε

211 2699 341 2735 tanain
364 2703 395 2734 N
414 2701 426 2745 ΙΙ
445 2705 466 2735 3
493 2702 644 2736 nectens
664 2706 691 2735 D
711 2703 723 2746 ΙΙ
742 2705 762 2736 6
786 2701 946 2736 mercuri
964 2704 995 2734 N
1013 2702 1026 2746 ΙΙ
1045 2705 1065 2737 8
1090 2701 1173 2746 ipsa
1190 2700 1394 2736 Beroaldus
1412 2700 1424 2743 ΙΙ
1443 2703 1464 2733 9
1489 2710 1671 2744 nusquam
1685 2710 1707 2737 ς
1726 2701 1736 2746 ΙΙ

215 2764 255 2795 11
285 2759 357 2795 Sed
381 2759 624 2795 Burmannus
653 2762 703 2795 At
730 2761 768 2795 Ι.
796 2760 846 2795 Η.
880 2759 1028 2795 Vossius
1060 2762 1064 2805 Ι
1086 2760 1169 2802 ille3
1190 2763 1284 2805 puto
1308 2759 1407 2794 idem
1436 2758 1449 2803 ΙΙ
1482 2761 1523 2792 12
1550 2757 1645 2803 esse]
1670 2757 1736 2793 ille

213 2824 241 2853 Ι)
267 2821 313 2863 (et
337 2822 367 2852 V
392 2830 459 2864 my.
488 2830 532 2854 m.
559 2821 599 2863 2)
643 2820 656 2864 ΙΙ
696 2820 738 2854 de
763 2830 826 2854 uu.
855 2821 992 2853 13-18
1019 2819 1062 2862 cf.
1091 2819 1140 2854 ad
1165 2822 1208 2853 31
1258 2819 1271 2863 ΙΙ
1315 2821 1357 2852 13
1385 2816 1557 2854 conuiuia,
1574 2820 1669 2861 puto
1693 2817 1735 2851 in

216 2877 375 2913 conubia
400 2877 598 2922 mutanda,
624 2878 658 2912 si
682 2878 767 2912 haec
792 2888 872 2912 cum
897 2888 959 2912 uu.
987 2881 1030 2912 23
1051 2888 1123 2922 sqq.
1150 2877 1337 2912 cohaerent
1695 2867 1699 2870 ¹
