1898 3190
0 801 11 1004 Πη---υ---ψῳ7
0 622 9 783 v—-u--v—
0 467 13 607 -Ὕ-ψ-ΗΓ
0 437 2 442 ν

693 161 956 199 ΡΒΟΡΕΒΤΠ
978 161 1069 198 LIB.
1094 160 1158 197 IV.
1182 165 1216 198 7.
1630 159 1714 202 181

302 271 404 314 Iuro
436 285 517 327 ego
547 270 753 314 Fatorum
784 271 895 313 nulli
924 270 1165 314 reuolubile
1195 283 1388 325 carmen,

362 342 727 398 Tergeminusque
758 343 877 385 canis
909 342 973 384 sic
1002 342 1110 384 mihi
1141 340 1274 383 molle
1305 342 1448 396 sonet,

301 413 373 456 Me
404 428 600 456 seruasse
630 413 769 455 fidem.
818 413 856 454 si
886 413 1010 467 fallo,
1041 413 1190 468 uipera
1220 411 1383 454 nostris

362 483 519 527 Sibilet
547 485 595 527 in
623 484 803 527 tumulis
834 486 878 526 et
908 498 1038 539 super
1067 498 1168 526 ossa
1198 483 1338 525 cubet.

243 565 289 598 55
304 554 417 598 Nam
450 556 623 612 gemina
653 557 721 597 est
751 555 871 597 sedes
901 557 1073 609 turpem
1103 555 1266 610 partita
1295 568 1374 609 per
1404 568 1597 608 amnem,

359 625 589 681 Turbaque
619 626 791 668 diuersa
820 625 1004 681 remigat
1036 626 1176 668 omnis
1207 640 1331 681 aqua.

301 696 428 739 Unda
459 695 795 752 Clytaemestrae
827 698 977 751 stupro
1010 697 1139 739 simul
1170 697 1309 739 altera
1338 695 1518 739 Cressae

358 767 511 810 Portat
542 769 747 810 mentitae
777 768 921 824 lignea
950 770 1147 810 monstra
1176 769 1314 811 bouis.

298 837 413 881 Ecce
443 842 649 882 coronato
679 854 781 894 pars
814 839 953 880 altera
984 839 1138 881 adacta
1168 838 1383 894 phasello,

241 921 287 952 60
358 908 522 951 Mulcet
550 910 626 952 ubi
655 909 829 965 Elysias
861 924 967 951 aura
996 910 1126 951 beata
1155 924 1299 964 rosas,

299 979 395 1030 Qua
423 995 655 1023 numerosa
684 980 791 1022 fides
822 994 989 1035 quaque
1021 995 1122 1022 aera
1151 980 1338 1022 rutunda
1370 979 1570 1035 Cybelles

356 1051 633 1107 Mitratisque
665 1054 823 1094 sonant
852 1050 990 1106 Lydia
1019 1051 1186 1106 plectra
1218 1051 1374 1094 choris.

298 1122 657 1178 Andromedeque
690 1125 733 1164 et
762 1121 1071 1177 Hypermestre
1103 1122 1196 1164 sine
1227 1122 1378 1164 fraude
1409 1123 1592 1165 maritae

356 1193 550 1236 Narrant
578 1193 787 1235 historiae
818 1195 923 1234 uota
954 1192 1118 1247 pericla
1148 1207 1269 1235 suae:

240 1275 285 1306 65
299 1263 419 1307 Haec
450 1279 529 1306 sua
559 1264 765 1307 maternis
797 1264 990 1319 queritur
1019 1251 1154 1306 liuere
1185 1263 1349 1306 catenis

356 1335 545 1378 Brachia
575 1350 653 1378 nec
685 1335 861 1376 meritas
891 1334 1054 1390 frigida
1084 1350 1187 1377 saxa
1218 1349 1391 1389 manus3

298 1405 460 1449 Narrat
489 1407 800 1463 Hypermestre
830 1418 1038 1461 magnum
1068 1421 1197 1448 ausas
1234 1421 1328 1448 esse
1360 1421 1549 1462 sorores,

358 1477 410 1519 In
443 1478 583 1520 scelus
613 1477 696 1520 hoc
726 1476 920 1519 animum
950 1491 1040 1519 non
1070 1477 1260 1519 ualuisse
1291 1492 1428 1519 suum.

301 1547 372 1590 Sic
403 1550 533 1591 motis
563 1549 755 1591 lacrimis
786 1547 903 1590 uitae
935 1562 1155 1590 sacramus
1186 1562 1373 1590 amores:

273 1653 365 1689 Vn.
396 1666 496 1688 1.1-:c·1·.
547 1657 590 1688 51
618 1653 700 1687 Iure
724 1656 755 1686 v
779 1662 847 1696 my.
873 1645 930 1686 mss
945 1654 972 1687 2
994 1650 1001 1699 Ι
1021 1650 1231 1687 reuocabile
1256 1655 1290 1687 et
1314 1653 1459 1688 stamen
1477 1664 1499 1691 ς
1517 1655 1531 1699 fl
1547 1656 1703 1698 fortasse

178 1716 263 1748 ante
287 1716 332 1748 55
357 1713 493 1748 excidit
516 1713 696 1747 distichon
718 1712 830 1746 huius
858 1710 934 1754 fere
965 1711 1177 1746 sententiae:
1217 1721 1297 1754 nec,
1334 1711 1368 1746 si
1396 1712 1507 1757 fallo,
1541 1715 1702 1758 amplius

177 1773 288 1816 fruar
310 1772 391 1807 sede
408 1772 576 1816 piorum,
601 1772 644 1806 in
667 1782 741 1815 qua
764 1780 865 1805 nunc
887 1780 968 1804 sum
991 1770 1167 1814 reposta!
1192 1773 1239 1804 55
1263 1769 1405 1815 partita
1430 1780 1469 1808 ςε
1500 1772 1636 1807 sortita
1660 1776 1697 1818 0,

177 1841 248 1877 quo
270 1833 405 1866 retento
429 1828 597 1876 geminas
621 1829 727 1864 sedes
753 1828 988 1864 Passeratius
1007 1830 1014 1872 Ι
1034 1839 1237 1874 perannem
1260 1832 1293 1862 Π
1322 1829 1336 1874 Ι
1365 1833 1410 1865 57
1435 1830 1545 1865 Unda
1569 1831 1699 1867 Hertz—

178 1891 339 1935 beryius:
364 1889 448 1924 Una
474 1891 499 1921 0
545 1889 551 1932 Ι
596 1887 822 1923 clitemestre
846 1891 874 1920 Ε
899 1886 1137 1931 clytemestre
1162 1891 1210 1922 11:
1236 1888 1547 1933 elytaemnestrae
1571 1895 1600 1924 D
1619 1894 1650 1924 V
1694 1890 1700 1937 Ι

178 1950 306 1994 stupro
331 1947 442 1983 simul
466 1948 658 1992 temptaui:
684 1948 853 1992 stuprum
878 1948 1061 1992 (strupum
1079 1947 1121 1991 P)
1146 1946 1254 1981 uehit
1272 1950 1315 1991 0,
1340 1959 1411 1992 quo
1434 1952 1579 1984 seruato
1604 1951 1704 1985 atra·

177 2018 250 2054 que
275 2008 371 2043 Ital-i
393 2018 541 2052 unaque
559 2006 775 2050 Liuineius,
800 2006 871 2041 alii
888 2006 967 2041 alia
986 2006 1042 2050 (ut
1059 2005 1254 2050 Hauptius
1271 2005 1406 2050 altera,
1434 2006 1603 2043 Cressam
1624 2020 1709 2054 por-

178 2068 239 2102 tat
261 2067 459 2102 mentitam
482 2067 527 2102 ob
551 2066 719 2101 omissam
744 2065 911 2110 copulam
934 2065 1226 2109 intolerabiliter)
1268 2066 1281 2110 ΙΙ
1324 2070 1368 2100 59
1401 2066 1537 2102 adacta
1560 2068 1710 2113 scripsi:

175 2127 286 2172 parta
311 2129 337 2160 0
361 2126 471 2161 uecta
494 2135 518 2163 ς
541 2125 621 2160 lata
644 2125 690 2160 L.
718 2125 939 2168 Muellerus3
969 2135 1045 2159 non
1066 2124 1319 2169 proposuerim
1342 2125 1453 2169 rapta
1490 2127 1497 2169 Ι
1536 2127 1708 2172 phasello

177 2187 204 2219 0
227 2185 286 2230 (in
307 2188 337 2218 r
354 2185 463 2229 prior
487 2185 503 2219 l
525 2187 769 2230 suppuncta):
794 2183 914 2219 faselo
938 2187 971 2217 1¹
1000 2185 1014 2229 Ι
1045 2187 1090 2219 60
1114 2183 1204 2218 lisas
1229 2187 1274 2226 P,
1299 2194 1368 2228 my.
1394 2195 1440 2220 m.
1466 2188 1493 2220 2
1518 2185 1671 2222 belisiae
1696 2187 1709 2233 ’ξ

177 2248 222 2280 61
242 2243 322 2287 Que
338 2247 367 2278 P
388 2244 394 2291 1
416 2255 490 2289 qua
513 2246 669 2289 quaerat
694 2246 865 2288 (quaerar
882 2245 913 2276 V
930 2254 976 2278 m.
997 2246 1035 2287 2,
1054 2243 1102 2287 Π)
1121 2243 1165 2277 ut
1181 2242 1281 2277 unda
1298 2246 1328 2275 1)
1341 2245 1416 2292 IJV
1434 2254 1530 2288 quae
1550 2247 1707 2288 quaerat

174 2303 278 2339 nuda
300 2303 346 2348 (ὣ
362 2303 464 2338 unda
480 2314 526 2338 m.
545 2305 587 2348 2)
605 2307 649 2346 Ἐς
676 2314 824 2348 quaque
848 2313 937 2338 aera
953 2302 1114 2338 rotunda
1137 2302 1329 2337 Turnebus
1354 2303 1530 2346 (rutunda
1552 2304 1708 2347 formam

174 2365 235 2398 sat
255 2362 435 2397 munitam
454 2373 516 2407 eqo
534 2363 694 2407 restitui)
715 2364 722 2405 Ι
743 2361 814 2396 cib.
837 2365 866 2395 Ξ·
891 2361 1041 2407 cybeles
1064 2363 1097 2394 Π
1114 2362 1127 2406 ΙΙ
1147 2365 1191 2396 63
1218 2360 1514 2405 Andromedaeq3
1539 2363 1571 2394 V
1593 2373 1640 2397 m.
1665 2366 1707 2408 2,

174 2423 228 2456 1:
262 2420 535 2465 Audromadeq;
559 2425 588 2454 1²
618 2420 915 2465 Andromadaeq3
946 2424 975 2454 D
993 2423 1024 2454 V
1068 2421 1074 2464 Ι
1118 2420 1336 2465 ipermestre
1367 2422 1396 2452 P
1426 2419 1707 2465 hypermestrac

175 2480 283 2515 ceteri
311 2480 378 2523 (sic
401 2482 435 2514 et
458 2492 494 2515 u.
515 2482 574 2524 67)
611 2481 625 2525 fl
660 2483 708 2514 64
748 2480 839 2514 nota
874 2479 1016 2524 pericla
1046 2479 1330 2514 Heimreichius:
1367 2480 1522 2524 pectora
1557 2482 1649 2516 nota
1680 2484 1706 2515 0

176 2538 335 2584 pignora
356 2540 448 2574 nota
466 2538 665 2574 Liuineius
688 2537 840 2573 foedera
862 2539 954 2573 nota
978 2537 1156 2573 Heinsius
1180 2537 1335 2572 uulnera
1359 2539 1451 2573 nota
1475 2538 1699 2575 Fonteinius

175 2596 367 2641 historias,
391 2599 545 2643 pectora
568 2598 675 2642 nota,
701 2607 786 2632 suas
810 2596 1087 2642 Marklandusfl
1106 2600 1151 2631 65
1175 2596 1254 2631 Nec
1277 2600 1305 2630 12
1328 2607 1374 2631 m.
1395 2600 1422 2632 2
1445 2598 1450 2641 Ι
1472 2609 1540 2632 sua
1563 2600 1697 2634 mater-

175 2655 236 2690 nis
260 2656 442 2701 Scaliqer:
468 2668 613 2692 summa
637 2655 798 2691 aeternis
825 2657 909 2700 (ect.
935 2657 978 2700 1)
1004 2659 1029 2690 0
1065 2658 1079 2701 fl
1106 2660 1152 2691 66
1177 2654 1338 2690 Brachia
1360 2659 1411 2689 H:
1436 2655 1618 2692 Bracchia
1643 2661 1668 2691 0
1694 2660 1704 2702 {g

177 2717 223 2749 69
248 2714 359 2750 motis
397 2716 548 2760 scripsi:
585 2714 717 2750 mortis
742 2717 768 2748 0
794 2714 884 2750 ortis
909 2714 1088 2750 Heinsius
1124 2713 1277 2750 moestis
1301 2714 1546 2750 Burmannus
1575 2715 1704 2751 multis

176 2772 454 2808 Imetiohannus
490 2776 495 2818 Ι
530 2785 718 2809 sacramus
741 2773 890 2818 scripsi:
914 2784 1087 2808 sanamus
1114 2776 1139 2806 0
1171 2772 1336 2808 solamur
1363 2773 1598 2808 Passeratius
1620 2785 1704 2809 nar-

175 2842 301 2866 ramus
326 2831 605 2869 Luctiohannus
629 2831 815 2868 sancimus
840 2832 948 2868 Gonr.
967 2832 1207 2878 Rossberyius
1231 2843 1405 2868 sanamus
1429 2842 1557 2867 amara
1572 2832 1703 2868 Mark-

177 2891 311 2926 landus
