1898 3190
233 142 289 184 98
686 142 948 178 PROPERTII
971 142 1060 178 LIB.
1088 143 1131 177 II.
1159 147 1214 179 33.
1241 148 1296 179 34.

410 250 504 293 Iam
535 251 653 293 bibe:
685 251 878 293 formosa
911 265 974 293 es:
1006 251 1068 292 nil
1098 251 1179 293 tibi
1210 250 1317 294 uina*
1341 253 1520 302 nocent,

353 320 460 364 Cum
491 325 568 364 tua
598 321 891 377 praependent
922 321 1131 364 demissae
1162 323 1208 364 in
1239 323 1395 377 pocula
1426 324 1584 377 sertae,

410 393 470 435 Et
500 408 596 435 mea
628 392 811 435 deducta
843 383 1035 435 carmina
1066 407 1171 435 uoce
1202 393 1324 449 legis.

351 464 536 520 Largius
570 465 703 507 effuso
737 465 909 506 madeat
940 464 1021 506 tibi
1054 479 1205 507 mensa
1236 464 1436 521 Falerno,

291 546 337 578 40
413 534 593 590 Spumet
625 537 668 577 et
700 538 851 578 aurato
884 535 1059 577 mollius
1092 535 1137 577 in
1169 536 1312 579 calice.

989 634 1011 659 ιιι

866 693 888 717 ιιι
1102 692 1125 718 *

351 759 485 802 Nulla
516 761 663 802 tamen
694 761 805 803 lecto
837 760 991 816 recipit
1023 775 1068 802 se
1101 761 1194 803 sola
1224 761 1427 803 libenter:

413 832 494 874 Est
528 832 748 888 quiddam,
780 832 894 888 quod
925 846 1003 874 uos
1037 847 1240 888 quaerere
1273 835 1401 888 cogat
1431 833 1579 876 Amor.

353 901 531 957 Semper
562 903 607 944 in
640 903 832 945 absentis
864 902 1029 946 felicior
1061 905 1204 945 aestus
1237 906 1448 946 amantes:

412 974 570 1016 Eleuat
601 975 797 1018 assiduos
830 975 956 1029 copia
986 975 1118 1030 longa
1150 974 1277 1017 uiros.

891 1249 1105 1297 XXXIV.

352 1353 438 1396 Cur
470 1353 697 1408 quisquam
729 1353 882 1396 faciem
915 1354 1111 1398 dominae
1142 1370 1232 1398 non
1263 1355 1399 1397 credit
1430 1355 1597 1398 amari?

413 1424 481 1467 Sic
513 1427 660 1479 erepta
692 1425 798 1467 mihi
830 1441 966 1480 paene
998 1427 1142 1481 puella
1173 1441 1269 1468 mea
1301 1429 1377 1469 est.

351 1497 569 1551 Expertus
601 1496 716 1539 dico:
747 1511 873 1539 nemo
906 1501 973 1540 est
1004 1499 1050 1540 in
1082 1513 1226 1541 amore
1257 1498 1412 1554 fidelis,

410 1568 470 1610 Et
499 1567 681 1609 formam
714 1583 812 1610 raro
844 1584 932 1612 non
965 1569 1048 1612 sibi
1080 1570 1259 1625 quisque
1289 1570 1412 1625 petit.

320 1639 519 1682 5Polluit
548 1639 621 1681 ille
653 1639 757 1682 deus
789 1642 1016 1696 cognatos,
1050 1641 1180 1683 soluit
1212 1640 1372 1683 amicos

411 1710 469 1751 Et
499 1710 608 1752 bene
642 1710 875 1753 concordes
906 1711 1050 1753 tristia
1081 1711 1134 1752 ad
1165 1727 1284 1754 arma
1315 1714 1453 1754 uocat.

353 1782 481 1824 Hunc
511 1796 590 1837 per
619 1781 664 1823 in
695 1782 931 1836 hospitium
962 1781 1160 1825 Menelao
1193 1784 1315 1826 uenit
1347 1783 1530 1834 adulter,

414 1851 586 1895 Colchis
619 1855 661 1894 et
692 1852 890 1907 ignotum
921 1856 1046 1896 nocte
1079 1857 1226 1896 secuta
1255 1854 1398 1896 uirum
1430 1856 1508 1895 est.

331 1982 435 2017 TEs'r.
498 1985 555 2026 33,
582 1985 638 2016 37.
698 1979 934 2015 Charisius
966 1993 1001 2026 p.
1032 1985 1110 2026 107,
1137 1985 1182 2016 25
1197 1981 1257 2017 K:
1303 1981 1427 2017 ‘Serta
1468 1983 1596 2016 neutro
1628 1991 1762 2026 genere

235 2041 409 2076 dicuntur
430 2067 437 2074 .
461 2067 468 2074 .
491 2067 498 2074 .
520 2069 527 2076 .
545 2067 554 2084 ,
580 2040 645 2075 sed
670 2040 936 2085 Propertius
962 2040 1137 2076 feminine
1163 2041 1298 2076 extulit
1323 2041 1390 2076 sic:
1424 2042 1503 2076 tua
1520 2061 1559 2066 -—
1581 2041 1759 2082 sertae’.

235 2101 323 2136 hinc
348 2100 475 2135 hausit
501 2100 631 2134 auctor
662 2110 866 2144 anonymus
899 2100 944 2135 de
976 2100 1098 2136 dubiis
1128 2100 1337 2136 nominibus
1370 2100 1542 2147 [gramm.
1569 2100 1632 2137 lat.
1659 2099 1702 2134 K.
1730 2099 1762 2134 V

234 2173 271 2206 p.
299 2163 380 2204 590,
407 2163 470 2204 24,
495 2159 559 2204 qui
585 2159 700 2194 habet
727 2159 826 2194 ‘cum
853 2159 933 2194 tua’
962 2161 1053 2204 eqs]

331 2267 423 2304 VAR.
450 2279 549 2303 Lacr.
600 2270 644 2301 37
670 2266 928 2311 ptaependent
952 2270 979 2300 F
999 2270 1046 2311 N,
1075 2267 1282 2302 Charisius:
1308 2266 1540 2312 perpendent
1563 2270 1591 2300 D
1611 2269 1640 2299 V
1668 2267 1673 2310 Ι
1701 2265 1761 2300 de-

234 2327 370 2362 missae
386 2347 430 2351 —
445 2327 567 2361 sertae
594 2325 788 2360 Charisius
812 2328 844 2360 et
878 2326 934 2370 (ex
964 2326 1029 2360 hoe
1060 2326 1314 2371 interpolatus)
1340 2329 1387 2360 N:
1419 2325 1582 2361 demissa
1601 2346 1644 2351 --
1665 2325 1763 2359 sei-ta

237 2390 261 2420 0
281 2387 293 2431 ΙΙ
312 2389 356 2421 38
384 2385 478 2431 legit
501 2388 529 2418 Ε
560 2385 573 2430 ΙΙ
603 2388 647 2420 39
677 2384 798 2420 affuso
823 2388 865 2419 ut
888 2385 965 2420 uid.
991 2388 1018 2417 F
1041 2385 1046 2429 Ι
1067 2384 1195 2419 madet
1217 2387 1250 2419 et
1273 2379 1454 2429 phalerno
1478 2387 1506 2418 F
1533 2386 1546 2431 ΙΙ
1570 2388 1615 2419 42
1641 2395 1708 2419 uos
1733 2386 1762 2416 V

234 2457 344 2489 corin,
370 2448 421 2480 N:
446 2455 513 2479 nos
540 2447 585 2487 0;
610 2455 699 2479 rium
724 2455 797 2489 quo
822 2455 890 2480 nos
909 2444 929 2479 ‚9
948 2446 961 2490 Η
979 2448 1024 2479 43
1051 2444 1222 2479 absentes
1247 2449 1275 2478 1>
1295 2447 1325 2477 V
1344 2447 1375 2477 N

331 2515 495 2551 XXXIV.
545 2516 731 2551 Adhaeret
754 2516 936 2560 superiori
960 2516 1002 2550 in
1027 2519 1070 2559 0,
1095 2525 1311 2560 separauere
1337 2515 1434 2550 Itali
1462 2516 1475 2559 ΙΙ
1513 2518 1531 2549 1
1557 2513 1761 2559 quidquam

235 2580 283 2620 F,
309 2587 400 2611 corr.
426 2586 495 2620 my.
521 2586 566 2610 m.
592 2578 618 2611 2
641 2576 647 2619 Ι
677 2574 717 2618 in
742 2573 877 2610 faciem
901 2579 929 2608 D
952 2575 957 2619 1
979 2573 1110 2609 fatiem
1135 2576 1167 2607 N
1188 2576 1192 2618 1
1214 2584 1290 2608 non
1314 2572 1433 2608 credit
1457 2575 1500 2607 0:
1534 2572 1610 2606 iam
1634 2571 1764 2607 credat

235 2639 262 2668 F
287 2647 332 2671 m.
359 2639 403 2679 2,
429 2637 459 2668 V
483 2646 528 2670 m.
554 2638 655 2679 2„N
689 2636 694 2680 Ι
725 2633 843 2670 amari
867 2636 896 2667 V
922 2645 966 2668 m.
993 2637 1036 2669 2:
1062 2632 1180 2668 amori
1207 2636 1231 2666 0
1258 2632 1375 2667 amico
1401 2632 1498 2667 Itali
1526 2632 1540 2676 ΙΙ
1569 2635 1592 2666 4
1617 2632 1666 2666 Et
1688 2630 1760 2666 for-

236 2706 337 2729 mam
362 2694 423 2738 (cf.
450 2693 484 2727 11
509 2697 542 2737 3,
568 2698 633 2738 323
661 2698 693 2738 5,
719 2695 778 2739 28)
805 2696 847 2728 0:
873 2693 1091 2728 Formosam
1116 2695 1146 2726 V
1170 2703 1238 2736 my.
1265 2703 1309 2726 m.
1336 2695 1380 2735 2,
1406 2693 1437 2724 N
1470 2692 1483 2736 ΙΙ
1522 2695 1540 2726 7
1567 2691 1673 2725 Hunc
1697 2701 1763 2735 per

235 2753 367 2798 scripsi
391 2752 499 2788 Mise.
528 2751 616 2787 Grit.
637 2763 677 2797 p.
705 2756 766 2788 96:
792 2752 935 2796 Hospes
961 2754 985 2784 0
1013 2751 1105 2786 Tros
1132 2752 1170 2786 et
1193 2751 1236 2786 L.
1268 2751 1468 2785 Muellerus
1489 2750 1494 2791 Ι
1516 2749 1704 2784 menelaos
1730 2750 1762 2794 (s

235 2823 280 2847 m.
295 2815 321 2848 ,2
336 2813 537 2857 suppum.)
551 2814 580 2844 V
600 2812 768 2847 menelao
795 2811 826 2846 si
843 2815 872 2845 1)
891 2811 903 2855 ΙΙ
923 2813 943 2844 8
962 2811 1070 2845 nocte
1090 2811 1238 2855 scripsi:
1264 2819 1384 2844 nonne
1405 2811 1429 2842 0
1450 2809 1588 2853 (nonne
1609 2828 1652 2833 -—
1672 2809 1728 2844 est
1741 2807 1761 2842 ἓ

235 2872 361 2916 uulqo)
387 2872 517 2916 sponte
543 2871 785 2906 Burmannus
