1898 3190
647 169 909 207 PROPERTII
930 169 1023 207 LIB.
1048 170 1111 207 IV.
1137 169 1189 206 1³.
1589 169 1673 211 159

267 277 487 320 Hactenus
517 278 746 320 historiae:
774 293 888 321 nune
919 277 973 320 ad
1002 280 1080 320 tua
1109 277 1298 319 deuehar
1328 279 1466 320 astra:

186 359 255 392 120
324 349 469 404 Incipe
498 351 550 390 tu
579 349 769 392 lacrimis
800 351 961 405 'aequus
993 348 1143 392 adesse
1172 348 1272 391 tuis.

265 419 450 463 Umbria
478 422 523 461 te
551 420 669 462 notis
702 421 883 476 antiqua
913 419 1151 462 Penatibus
1181 419 1273 462 edit

325 490 565 546 (MentiorP
597 505 652 533 an
682 491 851 546 patriae
880 490 1077 546 tangitur
1107 505 1184 533 ora
1211 493 1314 533 tuae
1322 489 1384 547 ‘?)‚

266 561 361 612 Qua
388 562 597 620 nebulosa
626 576 734 604 cauo
765 563 886 604 rorat
913 561 1118 603 Meuanja
1147 572 1302 616 eampo

157 688 160 689 ⁷
323 631 385 674 Et
412 633 530 675 lacus
562 633 739 675 aestiuis
769 635 818 675 ut
846 634 967 688 tepet
995 633 1103 675 uber
1130 632 1272 687 aquis,

185 714 254 746 125
267 702 607 759 scandentisque
636 703 757 746 Asisi
787 704 1015 759 consurgit
1043 703 1206 746 uertice
1235 718 1403 758 murus,

322 774 474 817 Murus
506 774 562 817 ab
592 774 766 831 ingenio
796 775 943 818 notior
973 774 1046 816 ille
1076 777 1165 817 tuo.

265 845 459 901 Ossaque
488 846 635 902 legisti
666 861 755 889 non
784 846 862 888 illa
892 848 1034 888 aetate
1064 845 1249 902 legenda

323 916 487 971 Patris,
517 919 562 958 et
591 917 637 958 in
667 919 819 959 tenues
851 916 1018 973 cogeris
1049 916 1142 971 ipse
1172 916 1323 959 Lares:

262 985 376 1030 Nam
405 989 483 1028 tua
513 1001 610 1029 cum
641 988 767 1029 multi
796 990 1021 1029 uersarent
1049 1002 1151 1029 rura
1181 987 1374 1043 iuuenci,

182 1069 250 1100 130
304 1056 516 1099 Abstulit
547 1059 736 1100 excultas
766 1058 931 1113 pertica
960 1058 1099 1100 tristis
1130 1073 1247 1113 opes.

262 1128 365 1171 Mox
394 1129 470 1170 ubi
499 1128 619 1170 bulla
647 1129 744 1171 rudi
774 1129 953 1171 dimissa
982 1131 1048 1171 est
1078 1144 1209 1172 aurea
1240 1131 1371 1184 collo,

320 1198 475 1241 Matris
506 1202 552 1241 et
581 1201 682 1241 ante
712 1199 815 1241 deos
845 1199 983 1242 libera
1014 1202 1186 1254 sumpta
1215 1203 1341 1256 toga,

262 1269 375 1312 'rum
403 1270 484 1312 tibi
515 1285 654 1325 pauca
684 1285 763 1312 suo
793 1270 846 1312 de
877 1270 1065 1312 carmine
1097 1270 1233 1312 dictat
1262 1270 1419 1325 Apollo

319 1340 380 1383 Et
410 1344 530 1383 uetat
559 1342 714 1383 insano
746 1341 880 1384 uerba
909 1344 1061 1384 tonare
1091 1341 1207 1384 foro:

182 1412 341 1455 135‘At
370 1415 418 1454 tu
447 1413 563 1468 finge
594 1413 758 1469 elegos,
788 1413 931 1467 pellax
961 1427 1069 1468 opus
1100 1411 1225 1469 (haec
1254 1415 1332 1455 tua
1362 1413 1543 1469 eastra),

323 1482 492 1526 Scribat
520 1486 571 1525 ut
600 1484 796 1539 exemplo
826 1486 970 1526 cetera
998 1484 1129 1526 turba
1157 1486 1247 1525 tuo.

261 1545 463 1597 Militiam
494 1553 676 1596 Veneris
706 1553 877 1596 blandis
908 1554 1071 1610 patiere
1102 1554 1182 1596 sub
1214 1555 1366 1609 armis,

321 1623 381 1667 Et
409 1624 593 1667 Veneris
624 1625 771 1679 pueris
801 1625 930 1669 utilis?
953 1625 1094 1674 hostis
1125 1625 1223 1667 eris.
1272 1657 1284 1665 ,

261 1695 379 1739 Nam
407 1696 490 1738 tibi
520 1695 739 1750 uictrices,
770 1710 1058 1752 quascumque
1087 1696 1237 1738 labore
1268 1696 1453 1751 parasti,

182 1778 275 1811 14⁰·
322 1766 484 1809 Eludet
512 1767 680 1821 palmas
710 1781 797 1808 una
826 1767 971 1822 puella
998 1770 1116 1810 tuas:

261 1838 323 1881 Et
350 1838 461 1880 bene
490 1852 588 1880 eum
618 1837 751 1880 fixum
780 1841 926 1881 mento
957 1838 1194 1881 decusseris
1225 1853 1402 1894 uncum,

239 1955 333 1990 Vn.
357 1967 456 1991 nnc-r.
508 1957 575 1988 119
600 1953 740 1989 deuear
762 1957 791 1987 r
814 1966 860 1990 m.
885 1958 927 1999 1,
951 1957 983 1988 Π
1018 1955 1032 1999 Ι
1070 1958 1137 1990 120
1168 1966 1260 2000 equs
1282 1958 1311 1988 P
1336 1955 1375 1999 (i.
1401 1965 1428 1989 e.
1454 1965 1570 1999 aequs
1594 1955 1673 1990 siue

145 2015 272 2060 nepus)
292 2016 300 2059 Ι
318 2012 395 2048 tuis
420 2013 688 2048 Marklandus:
713 2012 820 2048 nouis
844 2015 887 2056 0;
912 2016 953 2048 at
976 2014 1033 2048 πᾶ
1055 2013 1148 2049 noui
1165 2013 1305 2057 adfert,
1328 2014 1391 2049 sod
1407 2025 1508 2049 nunc
1530 2015 1672 2050 demum

145 2074 198 2110 ad
218 2083 311 2118 m,
333 2083 443 2119 quam
468 2074 578 2107 antea
602 2072 831 2107 lacrimosam
858 2071 1052 2117 Propertio
1076 2082 1148 2108 esse
1170 2073 1334 2117 dixerat,
1359 2074 1494 2109 tramit
1516 2074 1672 2120 magu-311

147 2135 216 2168 121
240 2131 340 2168 uotis
362 2135 392 2166 l·
415 2142 462 2168 m.
487 2134 509 2166 1
548 2133 561 2176 Ι
598 2134 666 2166 122
690 2130 859 2166 tenditur
882 2141 949 2167 ora
970 2132 1058 2166 tuae
1084 2130 1166 2174 Qua
1189 2142 1247 2177 eqs
1272 2132 1550 2177 Marklandus}
1575 2132 1670 2167 hora

144 2192 293 2236 11123
317 2190 400 2232 Qua
423 2199 464 2227 ςι
489 2188 608 2231 Quam
633 2190 792 2234 01124
816 2189 951 2225 extiuis
974 2191 1095 2234 Plut
1116 2191 1224 2236 tepet
1246 2191 1395 2236 ser-ipsi:
1419 2191 1565 2237 intepet
1588 2195 1614 2225 0
1639 2190 1672 2226 si

145 2250 254 2296 tepet
274 2249 322 2285 L.
348 2247 668 2295 Mallem-§luber
687 2258 728 2293 ς,
753 2248 798 2284 G.
821 2248 863 2283 T.
883 2248 1085 2294 Sm-inyar:
1110 2250 1241 2285 umber
1266 2253 1291 2284 0
1317 2251 1392 2295 (sed
1414 2249 1571 2286 Umbria
1595 2261 1669 2295 qua

146 2309 252 2345 laeua
275 2307 415 2343 Umber
437 2307 543 2351 tepet
565 2307 801 2342 balbutientis
824 2311 876 2342 est
892 2308 1035 2352 poetae)
1052 2308 1067 2352 Ι
1086 2312 1154 2343 125
1180 2308 1400 2344 Scandentis
1425 2311 1464 2344 et
1486 2312 1515 2342 r
1539 2320 1585 2344 m.
1610 2312 1631 2343 1
1658 2309 1672 2355 Η

146 2367 543 2403 AniniLaclmannus:
569 2365 644 2402 asin
667 2369 747 2413 3¹
770 2365 850 2401 axis
874 2369 953 2401 DV
977 2367 1072 2403 arcis
1095 2368 1224 2412 docti!
1259 2371 1326 2403 128
1350 2368 1465 2403 Patus
1488 2371 1586 2403 rm.
1611 2372 1632 2402 1
1662 2367 1668 2414 Ι

146 2425 293 2473 cogerit
314 2429 343 2459 1¹
364 2427 371 2470 Ι
390 2425 463 2461 isse
486 2429 515 2459 r
539 2437 583 2461 m.
610 2429 636 2462 2
654 2426 669 2470 Ι
688 2414 755 2460 129
780 2436 865 2460 cum
882 2429 970 2461 11:
994 2437 1069 2462 non
1085 2431 1115 2461 D
1129 2429 1160 2460 V
1178 2424 1305 2471 (quom
1322 2427 1434 2463 huius
1450 2438 1520 2473 my.
1538 2439 1584 2462 m.
1604 2429 1646 2472 2)
1663 2428 1668 2474 Ι

146 2486 340 2521 seruarent
361 2488 390 2518 r
407 2485 421 2529 Ι
440 2488 509 2520 130
532 2484 707 2529 parthica
730 2488 759 2518 1>
783 2484 917 2530 pthiea
939 2484 980 2530 (h
1004 2487 1226 2531 suppuncta)
1249 2489 1280 2520 V
1297 2487 1311 2531 Ι
1331 2490 1397 2521 131
1423 2485 1585 2522 demissa
1607 2491 1636 2520 r
1664 2488 1669 2532 Ι

146 2544 1668 2591 niz(m9.m.2aurea)rl133Tume.2‚1:Cumoltibiom.11

146 2601 309 2638 culmine
332 2602 576 2638 Burmannus
592 2603 607 2646 Ι
626 2605 694 2637 134
717 2602 847 2648 uerba]
871 2602 974 2638 bella
992 2603 1213 2640 Fonteim'us
1228 2605 1243 2649 Ι
1259 2616 1323 2639 uu.
1345 2608 1531 2640 135—146
1555 2605 1670 2649 Apol-

147 2661 237 2697 linis
272 2671 345 2697 esse
373 2661 486 2696 uerba
516 2661 669 2706 aynouit
693 2660 960 2697 Heium-’chius
983 2663 1186 2706 (135—138
1215 2667 1358 2699 tantum
1383 2663 1671 2707 Luetiohannus,

149 2719 1612 2766 laenaminlammutato)1135Atvaoerr.‚1:Aen(etutuid.
1639 2724 1670 2754 V

146 2789 194 2814 a.
217 2779 255 2822 1)
278 2777 328 2813 Et
349 2781 378 2812 r
410 2779 418 2823 Ι
449 2778 599 2823 aelegos
624 2781 652 2811 D
692 2780 700 2822 Ι
730 2778 856 2822 pellax
879 2778 1076 2814 Heinsius:
1101 2779 1218 2815 fallax
1242 2783 1268 2814 0
1309 2782 1323 2824 Ι
1367 2784 1433 2815 139
1458 2779 1605 2825 labore]
1630 2779 1671 2814 in

60 2882 67 2887 ἡ
148 2846 277 2872 amore
300 2836 609 2881 Luctiohannuou
630 2840 697 2871 140
721 2836 859 2872 Eludet
881 2847 921 2874 5:
944 2837 1075 2872 Eludit
1098 2841 1124 2872 0
1146 2840 1161 2884 Ι
1186 2842 1265 2882 141,
1290 2842 1336 2874 42
1355 2842 1441 2883 post
1466 2842 1533 2872 146
1558 2839 1669 2874 traie-

148 2896 257 2930 cerim
290 2896 305 2939 Ι
342 2899 407 2930 141
434 2895 491 2930 Ed
514 2899 543 2929 r
566 2907 612 2930 m.
638 2898 659 2930 1
685 2896 787 2939 (num
812 2895 884 2931 Sed
902 2894 938 2941 2)
965 2897 972 2940 Ι
998 2896 1093 2932 bene
1116 2897 1300 2933 confixum
1327 2901 1352 2931 0
1377 2908 1461 2932 cum
1486 2898 1612 2941 (quom
1631 2897 1668 2943 ἓ)
