1898 3190
222 181 326 218 XLII
799 182 1180 221 PROLEGOMENA.

225 290 359 346 elegis
390 293 539 334 tamen
570 291 736 348 exiguis
769 291 960 335 debitum
993 292 1146 335 offerat
1175 293 1361 349 principi
1391 294 1612 338 honorem.
1659 294 1749 338 ani-

224 376 341 404 mum
374 361 548 405 attende
580 363 634 405 ad
666 378 716 405 ea
748 378 856 419 quae
887 363 986 406 inde
1019 379 1044 406 a
1075 379 1115 406 u.
1143 365 1166 406 7
1201 365 1367 408 extant:

402 432 536 476 Aetas
568 434 710 490 prima
741 436 870 477 canat
901 435 1109 491 Veneres,
1142 437 1332 479 extrema
1362 438 1592 480 tumultus:

465 504 587 547 Bella
619 520 791 561 canam,
822 507 993 562 quando
1026 507 1188 562 scripta
1219 508 1363 563 puella
1394 523 1491 551 mea
1522 511 1601 551 est.

399 575 525 619 Nunc
556 577 656 619 uolo
689 577 900 621 subducto
933 578 1125 634 grauiter
1155 579 1386 633 procedere
1416 580 1554 635 uultu,

465 647 642 703 Iamque
675 648 805 691 aliam
837 649 1048 692 citharam
1080 664 1148 692 me
1180 665 1277 692 mea
1301 650 1427 693 Musa
1458 650 1592 693 docet.

227 719 289 761 ita
320 719 393 774 qui
427 719 629 775 loquitur,
661 720 746 762 iam
779 722 896 762 certa
921 721 1035 776 cepit
1061 721 1262 764 consilia:
1294 736 1431 764 nouae
1462 721 1584 777 poesi
1608 723 1749 764 totum

223 804 268 832 se
294 790 446 832 dedere
473 791 567 833 uolt
590 806 730 847 neque
757 791 942 847 amplius
976 793 1162 835 scribere
1189 793 1412 848 amatoria,
1444 795 1584 836 aetate
1610 793 1750 849 prima

223 863 427 916 superata
466 861 647 905 alteram
685 877 730 904 se
767 862 935 919 ingredi
974 863 1122 919 sentit,
1159 863 1304 919 puella
1341 878 1420 906 sua
1460 864 1659 907 abdicata
1695 864 1749 906 ad

222 933 388 975 maiora
421 947 470 986 se·
498 933 698 990 accingit.
735 933 805 976 fac
829 934 912 976 hoc
945 934 1138 977 subitum
1168 934 1303 977 fuisse
1333 936 1490 991 poetae
1521 935 1749 978 consilium

221 1006 458 1060 posteaque
498 1004 779 1047 inmutatum:
810 1020 953 1048 nonne
985 1006 1195 1048 absonum
1233 1006 1387 1048 fuisset
1417 1005 1549 1048 subiti
1581 1021 1664 1063 quo
1696 1006 1751 1048 ad

223 1075 345 1130 epica
381 1075 602 1118 ferebatur
638 1076 825 1131 impetus
863 1077 1161 1119 testimonium
1201 1078 1284 1120 hoc
1321 1078 1508 1120 inserere
1549 1077 1588 1119 ei
1627 1077 1753 1133 libro,

222 1147 267 1188 in
300 1161 385 1202 quo
416 1149 640 1201 praeterea
671 1162 739 1190 res
767 1146 955 1204 Augusti
986 1163 1041 1191 ne
1073 1149 1200 1191 unico
1232 1148 1404 1204 quidem
1436 1148 1625 1191 carmine
1650 1163 1750 1203 pro-

223 1219 317 1273 prio
351 1219 620 1261 celebrantur
651 1219 809 1275 quique
845 1219 975 1262 finem
1006 1220 1112 1263 facit
1147 1220 1193 1263 in
1223 1222 1421 1276 poemate
1452 1219 1604 1275 poesin
1634 1233 1750 1261 ama-

221 1289 381 1332 toriam
412 1289 537 1332 unice
582 1291 898 1333 commendanti
940 1289 1003 1346 (11
1034 1291 1140 1348 34)?
1196 1292 1376 1346 absone,
1414 1290 1600 1346 inquies,
1641 1290 1753 1332 inse-

224 1361 384 1403 ruisset
423 1362 571 1417 poeta,
610 1361 647 1403 si
687 1361 779 1416 ipse
810 1361 969 1404 librum
1001 1362 1223 1417 edidisset3
1269 1361 1343 1404 sed
1382 1362 1498 1403 enim
1537 1361 1662 1404 amici
1701 1376 1751 1404 eo

223 1434 393 1475 mortuo
426 1434 568 1474 cartas
599 1435 793 1487 repertas
826 1433 872 1474 in
902 1433 1122 1476 uolumina
1153 1448 1261 1489 quae
1292 1447 1408 1477 nunc
1437 1431 1620 1475 H—IV
1652 1434 1753 1475 sunt

222 1503 465 1560 redigentes
497 1503 608 1546 talia
638 1504 766 1547 nauci
791 1504 992 1547 habuere.
1037 1519 1146 1560 quae
1179 1505 1215 1547 si
1246 1507 1361 1547 recte
1393 1503 1502 1546 mihi
1534 1503 1751 1545 obiceren-

226 1577 309 1630 tur,
341 1589 442 1617 sane
463 1575 603 1618 omnis
629 1574 735 1617 haec
755 1575 991 1630 disputatio
1024 1576 1242 1630 superflua
1267 1577 1381 1618 esset
1400 1589 1528 1630 quam
1554 1573 1752 1617 maxime.

341 1644 495 1701 Itaque
526 1645 597 1687 hic
634 1646 856 1701 paulisper
891 1660 1086 1702 gressum
1119 1646 1289 1702 sistam,
1328 1645 1593 1688 indicaturus
1625 1659 1752 1700 quam

152 1706 154 1708 ’
223 1717 360 1759 futtili
392 1717 766 1772 argumentatione
786 1716 1096 1773 Hertzbergius
1131 1719 1331 1773 [quaestt.
1350 1717 1478 1771 Prop.
1498 1715 1750 1768 213—223]

223 1789 286 1831 nil
317 1790 489 1844 praeter
519 1788 707 1842 primum
738 1789 942 1831 uolumen
973 1803 999 1830 a
1030 1788 1254 1843 Propertio
1288 1788 1495 1830 emissum
1526 1801 1619 1829 0330
1652 1800 1748 1829 con-

221 1859 421 1902 tenderit.
477 1861 571 1901 tota
609 1859 723 1901 enim
760 1859 810 1900 de
851 1859 1134 1914 chronologia
1172 1858 1407 1901 carminum
1448 1856 1751 1912 Propertiano-

222 1945 317 1973 rum
349 1929 544 1985 quaestio
577 1945 627 1971 ex
658 1931 782 1984 parte
819 1943 907 1971 non
937 1944 1072 1984 parua
1112 1929 1267 1972 nititur
1298 1928 1359 1970 eis
1391 1927 1444 1970 de
1476 1927 1631 1983 quibus
1662 1927 1752 1983 agi-

223 2018 317 2045 mus
361 2002 512 2058 elegiis
552 2000 596 2042 II
631 2001 653 2042 7
681 2024 730 2030 -
753 1999 797 2042 II
831 2001 896 2042 13.
953 2000 1098 2042 omnia
1139 2000 1273 2055 igitur
1312 2013 1421 2055 quae
1452 2013 1504 2040 ex
1541 1998 1612 2040 his
1653 2012 1751 2041 con-

222 2074 450 2117 cluduntur
481 2074 686 2115 corruant
716 2086 890 2114 necesse
916 2074 993 2125 est,
1024 2071 1100 2114 ubi
1131 2071 1211 2113 1133
1239 2070 1336 2113 sede
1361 2085 1450 2112 non
1475 2084 1554 2112 sua
1581 2069 1751 2124 positas

223 2161 316 2189 esse
360 2144 702 2187 demonstratum
747 2145 823 2184 est.
880 2142 995 2198 quod
1035 2142 1071 2184 si
1114 2141 1357 2184 rationibus
1394 2141 1522 2196 longe
1566 2139 1750 2182 diuersis

223 2216 503 2270 effecerimus,
535 2217 628 2256 tum
648 2213 972 2269 disquisitiones
999 2213 1328 2270 chronologicas
1355 2225 1489 2267 eaque
1520 2225 1629 2267 quae
1653 2225 1751 2253 cum

224 2289 292 2331 his
325 2287 557 2330 cohaerent
587 2284 851 2328 retractandi
871 2285 954 2326 erit
980 2284 1112 2326 locus.
1156 2284 1258 2339 quin
1279 2284 1316 2326 si
1334 2283 1416 2325 1130
1439 2297 1464 2325 3
1482 2284 1606 2337 parte
1625 2280 1750 2324 liberi

222 2360 426 2414 nullaque
467 2357 667 2412 opinione
707 2355 1001 2411 praeiudicata
1031 2355 1227 2410 impediti
1259 2354 1395 2398 oculis
1435 2353 1750 2409 perlustramus

221 2431 356 2473 libros
388 2427 548 2484 I—-III,
579 2427 622 2469 id
652 2442 740 2470 non
769 2429 915 2482 potest
945 2441 1035 2469 non
1066 2427 1274 2469 mirantes
1304 2439 1385 2467 nos
1416 2424 1593 2478 habere,
1638 2423 1752 2479 quod

221 2502 323 2545 libri
364 2500 482 2542 tertii
523 2499 662 2554 elegia
702 2499 876 2550 ultima,
917 2513 1001 2553 qua
1032 2497 1078 2539 in
1110 2512 1234 2539 omne
1272 2499 1443 2552 tempus
1479 2498 1608 2550 poeta
1638 2493 1750 2550 Gyn-

223 2573 340 2616 thiae
373 2569 592 2624 ualedicit,
628 2568 890 2624 respondeat
920 2567 1008 2610 fere
1041 2568 1140 2609 libri
1172 2567 1302 2623 primi
1335 2566 1515 2610 carmini
1552 2565 1751 2621 principi,

225 2646 274 2687 ut
305 2642 442 2699 ipsius
473 2639 687 2695 Propertii
720 2654 815 2681 cum
848 2640 964 2680 certo
997 2638 1180 2680 consilio
1213 2637 1448 2680 uoluminis
1480 2636 1599 2678 tertii
1625 2651 1751 2692 opus-

226 2715 323 2757 cula
361 2710 630 2768 disponentis
670 2725 845 2752 manum
878 2710 923 2751 in
959 2710 1039 2751 hac
1070 2724 1115 2751 re
1154 2722 1385 2765 agnoscere
1416 2708 1525 2749 uelle
1565 2722 1750 2762 pronum
1811 2734 1813 2736 -

226 2787 293 2828 sit.
344 2783 446 2839 quid
479 2782 590 2837 quod
623 2796 719 2823 eum
750 2781 833 2824 hoc
863 2781 1042 2823 tertium
1074 2781 1279 2822 uolumen
1304 2779 1433 2821 etiam
1466 2777 1648 2820 edidisse
1679 2777 1751 2820 ad-

226 2856 399 2899 modum
420 2852 645 2909 probabile
671 2852 767 2894 est?
804 2866 906 2894 nam
932 2852 1290 2907 quemadmodum
1316 2849 1480 2905 elegiae
1511 2847 1577 2890 ΙΠ
1605 2849 1627 2891 1
1655 2850 1700 2891 et
1723 2849 1750 2891 2
1795 2883 1797 2885 .

225 2930 344 2970 totae
386 2926 449 2968 ita
490 2926 590 2966 sunt
633 2926 907 2979 comparatae
945 2925 994 2965 ut
1037 2925 1188 2966 contra
1230 2922 1542 2965 obtrectatores
1580 2919 1750 2962 inuidos
