1898 3190
221 116 377 154 XXXIV
798 117 1179 155 PROLEGOMENA.

222 225 429 284 metiri*).
466 229 581 269 reete
601 229 745 269 autem
765 228 837 283 qui
857 230 900 270 et
919 228 1179 270 enarrationi
1199 230 1243 269 et
1261 228 1551 271 emendationi
1570 243 1748 284 operam

221 301 386 342 nauant
417 297 537 354 (nam
569 298 631 340 ita
663 313 764 340 sane
796 300 1025 354 utrumque
1063 298 1253 341 officium
1291 301 1358 342 est
1389 299 1667 342 coniunctum
1699 301 1749 341 ut

222 384 361 425 neque
395 369 532 411 bonus
563 370 788 424 interpres,
819 370 904 412 nisi
937 371 1009 425 qui
1042 369 1277 425 probabilis
1309 369 1368 412 sit
1398 370 1583 426 criticus,
1613 384 1749 425 neque

221 441 394 483 criticus
415 441 566 495 bonus,
592 441 676 483 nisi
696 441 770 496 qui
788 441 1027 495 probabilis
1048 442 1105 483 sit
1124 441 1354 496 interpres,
1378 441 1559 483 existere
1578 439 1750 498 possit),

223 513 262 554 ei
300 511 572 567 Propertium
611 512 782 566 saepius
821 527 846 554 a
878 511 948 554 dia
979 510 1139 554 Critica
1171 526 1300 566 quam
1333 512 1387 554 ab
1417 511 1752 555 Hermeneutica

223 597 348 638 opem
382 582 673 638 auxiliumque
705 582 902 638 flagitare
929 583 1082 638 sciunt,
1114 582 1277 637 experti
1305 583 1470 625 scilicet
1497 597 1626 638 quam
1653 583 1749 625 sub-

222 655 288 696 tili
331 655 497 697 trutina
542 654 821 709 ponderanda
866 654 924 695 sit
966 654 1080 696 bona
1123 668 1223 708 pars
1267 654 1478 705 locorum,
1527 668 1633 709 quos
1677 654 1751 696 alii

223 726 476 768 sanissimos
515 725 590 766 alii
629 727 855 780 corruptos
886 725 1060 767 habent.
1109 725 1320 766 falluntur
1356 724 1401 766 in
1432 724 1513 767 hac
1543 739 1590 766 re
1621 725 1750 767 etiam

222 797 306 838 uiri
329 799 472 839 cetera
491 796 671 852 egregii:
698 796 798 838 dum
818 796 992 851 patroni
1012 796 1194 838 existere
1213 796 1367 838 uolunt
1385 796 1580 838 uersibus
1599 795 1751 838 misere

225 867 471 923 exagitatis,
516 881 642 923 saepe
687 881 839 909 causas
882 866 1114 909 defendunt
1157 881 1245 909 non
1289 867 1438 909 iustas.
1493 866 1752 922 percensebo

224 939 410 993 primam
437 938 631 994 elegiam.
676 939 900 981 consueuit
932 941 1051 980 aetas
1083 940 1232 981 nostra
1261 952 1340 993 pro
1371 937 1655 993 Propertiano
1687 952 1753 980 ac-

226 1010 366 1065 cipere
399 1025 438 1052 u.
474 1009 527 1052 12
1569 1012 1571 1014 ’

567 1079 668 1123 Ibat
698 1083 741 1123 et
771 1081 963 1124 hirsutas
995 1081 1070 1123 ille
1101 1081 1248 1123 uidere
1278 1081 1410 1137 feras,

225 1151 293 1193 cui
324 1151 499 1193 lectioni
531 1152 723 1194 fautores
757 1167 857 1194 sane
883 1166 972 1194 non
998 1152 1300 1194 contemnendi
1318 1151 1598 1195 Marklandus
1622 1152 1752 1195 Hem-

225 1223 465 1265 sterhusius
497 1222 801 1265 Lachmannus
835 1237 879 1265 se
912 1223 1178 1279 addixerunt,
1209 1225 1509 1278 comparantes
1540 1223 1604 1266 illi
1635 1224 1753 1267 locu-

223 1294 364 1336 tiones
404 1293 569 1336 ‘uidere
606 1295 702 1337 loca
740 1294 916 1337 horrida
959 1297 1002 1337 et
1037 1293 1207 1351 ignota'
1245 1295 1315 1337 uel
1353 1294 1521 1338 ‘uidere
1553 1295 1753 1351 pericula,

327 1447 361 1493 ³⁸)
388 1447 612 1483 defendendi
638 1447 802 1483 studium
829 1458 939 1493 saepe
966 1447 1060 1483 miro
1086 1447 1198 1482 modo
1224 1447 1369 1483 mentes
1389 1447 1490 1493 rapit
1507 1447 1546 1483 in
1564 1458 1754 1494 praeceps.

225 1505 323 1541 dabo
358 1506 505 1551 aliquot
539 1507 728 1552 exempla,
765 1517 922 1551 quorum
956 1506 1136 1541 memoria
1170 1505 1264 1541 mihi
1302 1517 1430 1541 recens
1467 1507 1535 1542 est.
1577 1507 1593 1541 I
1626 1509 1682 1552 15,
1707 1510 1752 1541 29

226 1566 342 1600 uerba
366 1565 507 1601 tradita
534 1566 669 1601 ‘multa
693 1566 796 1611 prius
823 1567 929 1601 uasto
955 1566 1130 1601 labentur
1154 1566 1307 1601 flumina
1331 1566 1462 1611 ponto'
1490 1577 1608 1612 nuper
1627 1565 1754 1602 extitit

225 1625 290 1670 qui
321 1626 489 1660 tueretur
520 1625 741 1671 explicando
776 1625 820 1661 ‘a
850 1627 966 1671 ponto
997 1626 1096 1661 retro
1121 1625 1271 1670 fluent',
1310 1637 1385 1661 non
1427 1625 1656 1671 perspiciens
1687 1625 1753 1660 ille

226 1696 309 1720 011111
344 1684 462 1730 ipsius
494 1685 598 1721 uocis
632 1685 773 1720 ‘retro'
812 1686 894 1720 tum
918 1683 1203 1730 praepositionis
1227 1684 1290 1720 hic
1315 1684 1467 1730 quidem
1492 1684 1604 1730 plane
1628 1695 1753 1720 neces·

225 1744 345 1780 sariae
384 1744 593 1780 absentiam
627 1745 799 1780 omnibus
831 1745 928 1780 sanis
962 1743 1098 1779 criticis
1123 1743 1340 1789 ‚corrigendi
1373 1754 1523 1779 causam
1554 1742 1680 1779 fuisse.
1706 1763 1751 1768 —

226 1804 321 1839 alter
352 1804 500 1849 doctus,
538 1803 636 1849 quod
667 1803 702 1838 II
734 1807 796 1847 32,
829 1807 875 1839 50
910 1803 1084 1848 ‘altaque
1116 1803 1269 1839 mortali
1300 1802 1464 1848 deligere
1490 1804 1590 1837 astra
1613 1802 1750 1838 manu’

230 1874 253 1898 a
278 1863 319 1900 L.
347 1863 526 1899 Muellero
557 1862 656 1898 bona
688 1862 890 1898 Burmanni
920 1861 1132 1897 emendatio
1160 1861 1372 1907 ‘deripere’
1398 1862 1551 1906 recepta
1576 1862 1642 1906 est,
1669 1871 1751 1907 gra-

227 1923 329 1958 uiter
355 1923 562 1959 commotus
586 1921 876 1966 indignatusque
895 1919 983 1956 talis
1002 1919 1164 1966 suscepti
1184 1919 1379 1956 audaciam
1399 1920 1626 1956 Ouidianum
1647 1920 1753 1956 ‘deli—

225 1992 311 2026 gere
343 1992 467 2026 ungue
498 1981 642 2016 rosam’
685 1980 896 2026 similiaque
927 1990 1002 2015 non
1033 1979 1266 2026 neglegenda
1291 1979 1486 2024 clamauit3
1520 1979 1629 2024 quasi
1662 1989 1752 2015 uero

228 2040 364 2076 ‘sidera
390 2040 436 2075 de
462 2040 566 2075 caelo
593 2039 771 2085 deligere’
801 2039 933 2075 eodem
957 2039 1037 2074 iure
1062 2049 1136 2083 quo
1165 2037 1226 2073 ‘de
1250 2038 1401 2073 uirectis
1434 2037 1543 2074 flores
1570 2037 1750 2084 deligere’

228 2099 415 2135 diceretur
439 2110 559 2144 neque
586 2099 632 2134 de
658 2098 792 2144 grandi
817 2098 944 2143 aliquo
969 2097 1184 2142 inmanique
1209 2096 1374 2132 facinore
1398 2095 1478 2131 11110
1497 2097 1689 2142 ageretur!
1704 2117 1749 2123 —

223 2158 357 2194 tertius
376 2158 528 2203 quidam
548 2158 582 2193 II
605 2162 659 2202 18,
679 2161 724 2192 29
753 2157 814 2193 ‘de
834 2169 904 2201 me,
930 2156 982 2192 mi
1007 2155 1112 2192 certe'
1131 2155 1273 2201 poteris
1297 2154 1463 2191 formosa
1485 2154 1621 2191 uideri’
1650 2166 1753 2201 egre-

224 2217 325 2263 giam
359 2217 659 2253 emendationem
696 2217 783 2262 ‘per
815 2217 875 2252 te’
919 2215 1006 2262 (ipsi
1042 2214 1156 2251 ‘lenis
1191 2214 1256 2250 sed
1290 2214 1421 2250 eadem
1457 2213 1574 2250 leuis'
1612 2212 1749 2260 auditl)

224 2278 354 2322 procul
380 2276 578 2312 arcendam
604 2277 714 2320 putat
739 2276 828 2321 quia
853 2274 1038 2311 sententia
1064 2274 1113 2309 sit
1140 2274 1254 2309 ‘mihi
1285 2274 1404 2318 certe,
1429 2272 1524 2309 alios
1549 2273 1647 2309 enim
1672 2283 1747 2309 non

223 2347 358 2381 moror,
385 2347 530 2382 semper
554 2337 684 2371 natiuo
711 2335 833 2371 colore
858 2335 1025 2380 places',
1049 2334 1089 2369 id
1115 2334 1239 2379 ipsum
1263 2331 1506 2377 uocabulum,
1538 2332 1638 2377 quod
1662 2332 1752 2378 quia

227 2394 431 2439 requiritur
457 2405 577 2439 neque
603 2394 710 2430 adest
735 2393 856 2430 critici
879 2393 1132 2438 restituerunt,
1157 2392 1260 2427 nullo
1285 2391 1397 2437 plane
1421 2390 1502 2426 iure
1526 2391 1640 2436 atque
1658 2391 1752 2427 adeo

227 2453 396 2499 improbe
423 2453 725 2499 subintellegens.
753 2473 796 2478 —
824 2453 978 2497 quartus
1011 2451 1170 2496 denique
1196 2451 1328 2486 doctus
1353 2449 1407 2485 III
1432 2453 1488 2494 19,
1512 2453 1558 2485 27
1583 2449 1752 2495 ineptum

230 2512 398 2548 ‘tamen’
434 2512 489 2547 ita
515 2513 717 2547 sustentat:
756 2512 1004 2556 ‘quamquam
1037 2508 1262 2555 supplicium
1294 2507 1452 2554 sumpsit
1481 2508 1526 2544 de
1554 2508 1699 2554 Scylla,
1728 2520 1752 2544 a

227 2582 302 2616 qua
335 2569 514 2606 beneficio
547 2569 700 2605 affectus
733 2571 832 2615 erat,
866 2571 993 2605 tamen
1024 2568 1144 2603 factus
1176 2569 1233 2603 est
1264 2568 1389 2613 iudex,
1421 2578 1541 2612 neque
1565 2567 1751 2612 inmerito,

226 2630 315 2676 quia
351 2629 522 2674 quamuis
559 2628 679 2664 uictor
715 2630 843 2665 tamen
878 2639 1016 2673 aequus
1050 2628 1088 2663 in
1123 2628 1232 2663 hoste
1268 2627 1374 2663 fuit’.
1432 2638 1507 2672 qua
1539 2626 1751 2663 defensione

223 2688 372 2736 planior
401 2689 493 2734 puto
524 2687 568 2723 fit
598 2687 700 2723 uocis
734 2687 933 2733 corruptio.
960 2708 1004 2713 —
1038 2687 1103 2722 sed
1134 2686 1214 2722 dies
1245 2685 1338 2721 mihi
1369 2684 1533 2730 deficiet,
1569 2684 1601 2720 si
1634 2685 1749 2722 uelim

227 2758 443 2783 enumerare
470 2757 564 2792 quae
590 2747 638 2782 ab
657 2747 728 2781 hac
749 2747 854 2791 parte
873 2747 1031 2791 peccant
1051 2745 1153 2781 docti
1171 2744 1396 2790 indoctique.
1433 2743 1578 2779 utinam
1597 2743 1748 2780 tandem

225 2808 273 2843 ab
298 2806 482 2842 eiusmodi
505 2806 614 2852 nugis
639 2805 869 2851 proferendis
894 2804 1108 2840 abstineant
1126 2804 1343 2848 discantque
1362 2802 1476 2838 etiam
1496 2801 1639 2847 aliquid
1659 2803 1750 2839 dare

225 2865 452 2902 anteriorum
477 2864 632 2900 iudicio!
