<?xml version="1.0" encoding="UTF-8"?>
<!DOCTYPE html PUBLIC "-//W3C//DTD XHTML 1.0 Transitional//EN"
    "http://www.w3.org/TR/xhtml1/DTD/xhtml1-transitional.dtd">
<html xmlns="http://www.w3.org/1999/xhtml" xml:lang="en" lang="en">
 <head>
  <title>
</title>
<meta http-equiv="Content-Type" content="text/html;charset=utf-8" />
  <meta name='ocr-system' content='tesseract 3.04.00' />
  <meta name='ocr-capabilities' content='ocr_page ocr_carea ocr_par ocr_line ocrx_word'/>
</head>
<body>
  <div class='ocr_page' id='page_1' title='image "./elegiarumlibrir00propuoft_0179.png"; bbox 0 0 1898 3190; ppageno 0'>
   <div class='ocr_carea' id='block_1_1' title="bbox 659 149 1705 191">
    <p class='ocr_par' dir='ltr' id='par_1_1' title="bbox 659 149 1705 191">
     <span class='ocr_line' id='line_1_1' title="bbox 659 149 1705 191; baseline 0.006 -6"><span class='ocrx_word' id='word_1_1' title='bbox 659 149 921 186; x_wconf 78' lang='lat' dir='ltr'>PROPERTII</span> <span class='ocrx_word' id='word_1_2' title='bbox 944 149 1036 187; x_wconf 90' lang='lat' dir='ltr'><strong>LIB.</strong></span> <span class='ocrx_word' id='word_1_3' title='bbox 1060 150 1125 186; x_wconf 87' lang='lat'>111.</span> <span class='ocrx_word' id='word_1_4' title='bbox 1150 154 1184 186; x_wconf 88' lang='lat'><strong>8.</strong></span> <span class='ocrx_word' id='word_1_5' title='bbox 1620 150 1705 191; x_wconf 88' lang='grc'><strong>119</strong></span> 
     </span>
    </p>
   </div>
   <div class='ocr_carea' id='block_1_2' title="bbox 229 258 1488 1084">
    <p class='ocr_par' dir='ltr' id='par_1_2' title="bbox 229 258 1488 1084">
     <span class='ocr_line' id='line_1_2' title="bbox 292 258 1423 315; baseline -0.002 -12"><span class='ocrx_word' id='word_1_6' title='bbox 292 258 530 303; x_wconf 83' lang='lat' dir='ltr'><strong>Custodum</strong></span> <span class='ocrx_word' id='word_1_7' title='bbox 562 272 693 315; x_wconf 83' lang='lat' dir='ltr'>grege</span> <span class='ocrx_word' id='word_1_8' title='bbox 723 274 811 301; x_wconf 87' lang='lat' dir='ltr'><strong>non</strong></span> <span class='ocrx_word' id='word_1_9' title='bbox 843 259 957 302; x_wconf 84' lang='lat' dir='ltr'><strong>circa</strong></span> <span class='ocrx_word' id='word_1_10' title='bbox 989 273 1034 301; x_wconf 90' lang='lat' dir='ltr'><strong>se</strong></span> <span class='ocrx_word' id='word_1_11' title='bbox 1067 259 1200 314; x_wconf 86' lang='lat' dir='ltr'><strong>stipat</strong></span> <span class='ocrx_word' id='word_1_12' title='bbox 1232 261 1423 314; x_wconf 89' lang='lat' dir='ltr'><strong>euntem,</strong></span> 
     </span>
     <span class='ocr_line' id='line_1_3' title="bbox 350 329 1434 386; baseline 0 -13"><span class='ocrx_word' id='word_1_13' title='bbox 350 329 432 373; x_wconf 86' lang='lat' dir='ltr'><strong>Sed</strong></span> <span class='ocrx_word' id='word_1_14' title='bbox 464 330 658 385; x_wconf 90' lang='lat' dir='ltr'><strong>sequitur</strong></span> <span class='ocrx_word' id='word_1_15' title='bbox 688 330 872 385; x_wconf 84' lang='lat' dir='ltr'><strong>medias,</strong></span> <span class='ocrx_word' id='word_1_16' title='bbox 901 330 1077 372; x_wconf 84' lang='lat' dir='ltr'>Maenas</span> <span class='ocrx_word' id='word_1_17' title='bbox 1109 333 1158 373; x_wconf 89' lang='lat' dir='ltr'><strong>ut</strong></span> <span class='ocrx_word' id='word_1_18' title='bbox 1188 331 1291 385; x_wconf 85' lang='lat' dir='ltr'><strong>icta,</strong></span> <span class='ocrx_word' id='word_1_19' title='bbox 1321 331 1434 386; x_wconf 83' lang='lat' dir='ltr'><strong>uias,</strong></span> 
     </span>
     <span class='ocr_line' id='line_1_4' title="bbox 233 399 1427 444; baseline 0 0"><span class='ocrx_word' id='word_1_20' title='bbox 233 412 276 444; x_wconf 86' lang='lat'><strong>15</strong></span> <span class='ocrx_word' id='word_1_21' title='bbox 291 399 376 444; x_wconf 88' lang='lat' dir='ltr'><strong>Seu</strong></span> <span class='ocrx_word' id='word_1_22' title='bbox 404 401 601 443; x_wconf 87' lang='lat' dir='ltr'><strong>timidam</strong></span> <span class='ocrx_word' id='word_1_23' title='bbox 633 401 782 443; x_wconf 86' lang='lat' dir='ltr'><strong>crebro</strong></span> <span class='ocrx_word' id='word_1_24' title='bbox 815 401 1033 443; x_wconf 82' lang='lat' dir='ltr'><strong>dementia</strong></span> <span class='ocrx_word' id='word_1_25' title='bbox 1064 401 1231 444; x_wconf 87' lang='lat' dir='ltr'><strong>somnia</strong></span> <span class='ocrx_word' id='word_1_26' title='bbox 1261 403 1427 444; x_wconf 89' lang='lat' dir='ltr'><strong>terrent</strong></span> 
     </span>
     <span class='ocr_line' id='line_1_5' title="bbox 349 471 1439 527; baseline 0.001 -13"><span class='ocrx_word' id='word_1_27' title='bbox 349 471 434 515; x_wconf 82' lang='lat' dir='ltr'><strong>Seu</strong></span> <span class='ocrx_word' id='word_1_28' title='bbox 463 473 664 514; x_wconf 83' lang='lat' dir='ltr'><strong>miseram</strong></span> <span class='ocrx_word' id='word_1_29' title='bbox 695 473 742 514; x_wconf 92' lang='lat' dir='ltr'><strong>in</strong></span> <span class='ocrx_word' id='word_1_30' title='bbox 772 472 923 515; x_wconf 85' lang='lat' dir='ltr'><strong>tabula</strong></span> <span class='ocrx_word' id='word_1_31' title='bbox 953 472 1071 527; x_wconf 83' lang='lat' dir='ltr'><strong>pieta</strong></span> <span class='ocrx_word' id='word_1_32' title='bbox 1100 472 1246 527; x_wconf 84' lang='lat' dir='ltr'><strong>puella</strong></span> <span class='ocrx_word' id='word_1_33' title='bbox 1275 475 1439 515; x_wconf 89' lang='lat' dir='ltr'><strong>mouet:</strong></span> 
     </span>
     <span class='ocr_line' id='line_1_6' title="bbox 287 542 1428 599; baseline 0 -13"><span class='ocrx_word' id='word_1_34' title='bbox 287 542 368 586; x_wconf 84' lang='lat' dir='ltr'><strong>His</strong></span> <span class='ocrx_word' id='word_1_35' title='bbox 399 557 480 599; x_wconf 88' lang='lat' dir='ltr'><strong>ego</strong></span> <span class='ocrx_word' id='word_1_36' title='bbox 511 543 740 585; x_wconf 88' lang='lat' dir='ltr'><strong>tormentis</strong></span> <span class='ocrx_word' id='word_1_37' title='bbox 772 543 905 585; x_wconf 84' lang='lat' dir='ltr'><strong>animi</strong></span> <span class='ocrx_word' id='word_1_38' title='bbox 937 558 1034 585; x_wconf 92' lang='lat' dir='ltr'><strong>sum</strong></span> <span class='ocrx_word' id='word_1_39' title='bbox 1064 558 1191 585; x_wconf 91' lang='lat' dir='ltr'><strong>uerus</strong></span> <span class='ocrx_word' id='word_1_40' title='bbox 1224 558 1428 599; x_wconf 82' lang='lat' dir='ltr'>aruspex,</span> 
     </span>
     <span class='ocr_line' id='line_1_7' title="bbox 346 614 1334 669; baseline 0.001 -13"><span class='ocrx_word' id='word_1_41' title='bbox 346 614 439 657; x_wconf 89' lang='lat' dir='ltr'><strong>Has</strong></span> <span class='ocrx_word' id='word_1_42' title='bbox 471 614 599 656; x_wconf 83' lang='lat' dir='ltr'><strong>didici</strong></span> <span class='ocrx_word' id='word_1_43' title='bbox 630 616 747 656; x_wconf 86' lang='lat' dir='ltr'><strong>certo</strong></span> <span class='ocrx_word' id='word_1_44' title='bbox 779 629 908 669; x_wconf 82' lang='lat' dir='ltr'><strong>saepe</strong></span> <span class='ocrx_word' id='word_1_45' title='bbox 938 615 985 657; x_wconf 90' lang='lat' dir='ltr'><strong>in</strong></span> <span class='ocrx_word' id='word_1_46' title='bbox 1017 629 1162 657; x_wconf 88' lang='lat' dir='ltr'><strong>amore</strong></span> <span class='ocrx_word' id='word_1_47' title='bbox 1194 617 1334 658; x_wconf 84' lang='lat' dir='ltr'><strong>notas.</strong></span> 
     </span>
     <span class='ocr_line' id='line_1_8' title="bbox 286 684 1445 741; baseline 0.002 -14"><span class='ocrx_word' id='word_1_48' title='bbox 286 684 388 728; x_wconf 90' lang='lat' dir='ltr'><strong>Non</strong></span> <span class='ocrx_word' id='word_1_49' title='bbox 421 688 487 727; x_wconf 92' lang='lat' dir='ltr'><strong>est</strong></span> <span class='ocrx_word' id='word_1_50' title='bbox 517 688 635 728; x_wconf 82' lang='lat' dir='ltr'><strong>certa</strong></span> <span class='ocrx_word' id='word_1_51' title='bbox 664 685 787 741; x_wconf 90' lang='lat' dir='ltr'><strong>fides,</strong></span> <span class='ocrx_word' id='word_1_52' title='bbox 818 701 949 741; x_wconf 86' lang='lat' dir='ltr'><strong>quam</strong></span> <span class='ocrx_word' id='word_1_53' title='bbox 978 700 1068 728; x_wconf 93' lang='lat' dir='ltr'><strong>non</strong></span> <span class='ocrx_word' id='word_1_54' title='bbox 1097 686 1256 728; x_wconf 87' lang='lat' dir='ltr'><strong>iniuria</strong></span> <span class='ocrx_word' id='word_1_55' title='bbox 1286 690 1445 730; x_wconf 85' lang='lat' dir='ltr'><strong>uersat.</strong></span> 
     </span>
     <span class='ocr_line' id='line_1_9' title="bbox 229 756 1243 811; baseline 0.001 -12"><span class='ocrx_word' id='word_1_56' title='bbox 229 767 275 799; x_wconf 88' lang='grc'><strong>20</strong></span> <span class='ocrx_word' id='word_1_57' title='bbox 346 756 558 799; x_wconf 78' lang='lat' dir='ltr'><strong>Hostibus</strong></span> <span class='ocrx_word' id='word_1_58' title='bbox 591 757 763 799; x_wconf 91' lang='lat' dir='ltr'><strong>eueniat</strong></span> <span class='ocrx_word' id='word_1_59' title='bbox 792 757 911 799; x_wconf 88' lang='lat' dir='ltr'><strong>lenta</strong></span> <span class='ocrx_word' id='word_1_60' title='bbox 941 757 1085 811; x_wconf 88' lang='lat' dir='ltr'><strong>puella</strong></span> <span class='ocrx_word' id='word_1_61' title='bbox 1116 757 1243 800; x_wconf 82' lang='lat' dir='ltr'><strong>meis!</strong></span> 
     </span>
     <span class='ocr_line' id='line_1_10' title="bbox 285 827 1454 883; baseline 0.001 -13"><span class='ocrx_word' id='word_1_62' title='bbox 285 827 336 870; x_wconf 93' lang='lat' dir='ltr'><strong>In</strong></span> <span class='ocrx_word' id='word_1_63' title='bbox 368 842 514 870; x_wconf 91' lang='lat' dir='ltr'><strong>morso</strong></span> <span class='ocrx_word' id='word_1_64' title='bbox 545 828 748 883; x_wconf 85' lang='lat' dir='ltr'><strong>aequales</strong></span> <span class='ocrx_word' id='word_1_65' title='bbox 779 828 953 870; x_wconf 85' lang='lat' dir='ltr'><strong>uideant</strong></span> <span class='ocrx_word' id='word_1_66' title='bbox 985 843 1081 870; x_wconf 85' lang='lat' dir='ltr'><strong>mea</strong></span> <span class='ocrx_word' id='word_1_67' title='bbox 1110 828 1291 871; x_wconf 86' lang='lat' dir='ltr'><strong>uulnera</strong></span> <span class='ocrx_word' id='word_1_68' title='bbox 1323 829 1454 876; x_wconf 85' lang='lat' dir='ltr'><strong>eollo:</strong></span> 
     </span>
     <span class='ocr_line' id='line_1_11' title="bbox 345 898 1359 943; baseline 0.002 -3"><span class='ocrx_word' id='word_1_69' title='bbox 345 898 416 940; x_wconf 89' lang='lat' dir='ltr'><strong>Me</strong></span> <span class='ocrx_word' id='word_1_70' title='bbox 448 898 598 942; x_wconf 83' lang='lat' dir='ltr'><strong>doceat</strong></span> <span class='ocrx_word' id='word_1_71' title='bbox 627 899 741 942; x_wconf 93' lang='lat' dir='ltr'><strong>liuor</strong></span> <span class='ocrx_word' id='word_1_72' title='bbox 770 914 939 942; x_wconf 85' lang='lat' dir='ltr'><strong>mecum</strong></span> <span class='ocrx_word' id='word_1_73' title='bbox 969 899 1173 941; x_wconf 81' lang='lat' dir='ltr'><strong>habuisse</strong></span> <span class='ocrx_word' id='word_1_74' title='bbox 1204 915 1359 943; x_wconf 91' lang='lat' dir='ltr'><strong>meam.</strong></span> 
     </span>
     <span class='ocr_line' id='line_1_12' title="bbox 287 970 1488 1026; baseline 0.001 -14"><span class='ocrx_word' id='word_1_75' title='bbox 287 970 377 1012; x_wconf 90' lang='lat' dir='ltr'><strong>Aut</strong></span> <span class='ocrx_word' id='word_1_76' title='bbox 406 970 451 1011; x_wconf 93' lang='lat' dir='ltr'><strong>in</strong></span> <span class='ocrx_word' id='word_1_77' title='bbox 482 985 628 1013; x_wconf 85' lang='lat' dir='ltr'><strong>amore</strong></span> <span class='ocrx_word' id='word_1_78' title='bbox 659 970 804 1012; x_wconf 90' lang='lat' dir='ltr'><strong>dolere</strong></span> <span class='ocrx_word' id='word_1_79' title='bbox 836 971 935 1012; x_wconf 92' lang='lat' dir='ltr'><strong>uolo</strong></span> <span class='ocrx_word' id='word_1_80' title='bbox 969 973 1044 1012; x_wconf 85' lang='lat' dir='ltr'><strong>aut</strong></span> <span class='ocrx_word' id='word_1_81' title='bbox 1075 971 1220 1013; x_wconf 78' lang='lat' dir='ltr'><strong>audire</strong></span> <span class='ocrx_word' id='word_1_82' title='bbox 1253 971 1488 1026; x_wconf 79' lang='lat' dir='ltr'><strong>dolentem,</strong></span> 
     </span>
     <span class='ocr_line' id='line_1_13' title="bbox 347 1039 1269 1084; baseline 0.002 -2"><span class='ocrx_word' id='word_1_83' title='bbox 347 1039 447 1083; x_wconf 88' lang='lat' dir='ltr'><strong>Siue</strong></span> <span class='ocrx_word' id='word_1_84' title='bbox 478 1056 597 1084; x_wconf 86' lang='lat' dir='ltr'><strong>meas</strong></span> <span class='ocrx_word' id='word_1_85' title='bbox 628 1041 830 1084; x_wconf 86' lang='lat' dir='ltr'><strong>lacrimas</strong></span> <span class='ocrx_word' id='word_1_86' title='bbox 862 1041 953 1084; x_wconf 91' lang='lat' dir='ltr'><strong>siue</strong></span> <span class='ocrx_word' id='word_1_87' title='bbox 984 1041 1128 1084; x_wconf 89' lang='lat' dir='ltr'><strong>uidere</strong></span> <span class='ocrx_word' id='word_1_88' title='bbox 1160 1044 1269 1084; x_wconf 89' lang='lat' dir='ltr'><strong>tuas.</strong></span> 
     </span>
    </p>
   </div>
   <div class='ocr_carea' id='block_1_3' title="bbox 224 1139 1565 1890">
    <p class='ocr_par' dir='ltr' id='par_1_3' title="bbox 224 1139 1565 1890">
     <span class='ocr_line' id='line_1_14' title="bbox 919 1139 944 1164; baseline 0 -6"><span class='ocrx_word' id='word_1_89' title='bbox 919 1139 944 1164; x_wconf 67' lang='grc' dir='ltr'><strong>ιιι</strong></span> 
     </span>
     <span class='ocr_line' id='line_1_15' title="bbox 799 1199 1061 1225; baseline -0.004 0"><span class='ocrx_word' id='word_1_90' title='bbox 799 1199 823 1225; x_wconf 66' lang='grc' dir='ltr'><strong>ιιι</strong></span> <span class='ocrx_word' id='word_1_91' title='bbox 1037 1199 1061 1224; x_wconf 83' lang='lat'>*</span> 
     </span>
     <span class='ocr_line' id='line_1_16' title="bbox 229 1265 1363 1323; baseline 0.001 -15"><span class='ocrx_word' id='word_1_92' title='bbox 229 1276 275 1308; x_wconf 81' lang='lat'><strong>25</strong></span> <span class='ocrx_word' id='word_1_93' title='bbox 288 1265 422 1309; x_wconf 86' lang='lat' dir='ltr'><strong>Tecta</strong></span> <span class='ocrx_word' id='word_1_94' title='bbox 453 1267 694 1322; x_wconf 81' lang='lat' dir='ltr'><strong>superciliis</strong></span> <span class='ocrx_word' id='word_1_95' title='bbox 726 1267 763 1310; x_wconf 92' lang='lat' dir='ltr'><strong>si</strong></span> <span class='ocrx_word' id='word_1_96' title='bbox 794 1267 964 1323; x_wconf 85' lang='lat' dir='ltr'><strong>quando</strong></span> <span class='ocrx_word' id='word_1_97' title='bbox 996 1267 1129 1310; x_wconf 88' lang='lat' dir='ltr'><strong>uerba</strong></span> <span class='ocrx_word' id='word_1_98' title='bbox 1159 1267 1363 1319; x_wconf 72' lang='lat' dir='ltr'><strong>remittis,</strong></span> 
     </span>
     <span class='ocr_line' id='line_1_17' title="bbox 346 1336 1407 1395; baseline 0.001 -16"><span class='ocrx_word' id='word_1_99' title='bbox 346 1336 437 1379; x_wconf 90' lang='lat' dir='ltr'><strong>Aut</strong></span> <span class='ocrx_word' id='word_1_100' title='bbox 466 1340 542 1380; x_wconf 86' lang='lat' dir='ltr'><strong>tua.</strong></span> <span class='ocrx_word' id='word_1_101' title='bbox 573 1353 669 1381; x_wconf 87' lang='lat' dir='ltr'><strong>cum</strong></span> <span class='ocrx_word' id='word_1_102' title='bbox 701 1339 847 1395; x_wconf 76' lang='lat' dir='ltr'><strong>digitis</strong></span> <span class='ocrx_word' id='word_1_103' title='bbox 880 1339 1041 1393; x_wconf 85' lang='lat' dir='ltr'><strong>scripta</strong></span> <span class='ocrx_word' id='word_1_104' title='bbox 1073 1338 1237 1380; x_wconf 86' lang='lat' dir='ltr'><strong>silenda</strong></span> <span class='ocrx_word' id='word_1_105' title='bbox 1267 1340 1407 1380; x_wconf 87' lang='lat' dir='ltr'><strong>notas.</strong></span> 
     </span>
     <span class='ocr_line' id='line_1_18' title="bbox 283 1407 1565 1464; baseline 0.002 -14"><span class='ocrx_word' id='word_1_106' title='bbox 283 1407 366 1451; x_wconf 88' lang='lat' dir='ltr'><strong>Odi</strong></span> <span class='ocrx_word' id='word_1_107' title='bbox 397 1422 497 1464; x_wconf 87' lang='lat' dir='ltr'><strong>ego,</strong></span> <span class='ocrx_word' id='word_1_108' title='bbox 528 1409 630 1464; x_wconf 90' lang='lat' dir='ltr'><strong>quoi</strong></span> <span class='ocrx_word' id='word_1_109' title='bbox 660 1423 894 1464; x_wconf 86' lang='lat' dir='ltr'><strong>numquam</strong></span> <span class='ocrx_word' id='word_1_110' title='bbox 926 1411 1125 1464; x_wconf 87' lang='lat' dir='ltr'><strong>pungunt</strong></span> <span class='ocrx_word' id='word_1_111' title='bbox 1156 1410 1342 1464; x_wconf 86' lang='lat' dir='ltr'><strong>suspiria</strong></span> <span class='ocrx_word' id='word_1_112' title='bbox 1373 1425 1565 1453; x_wconf 89' lang='lat' dir='ltr'><strong>somnos:</strong></span> 
     </span>
     <span class='ocr_line' id='line_1_19' title="bbox 341 1477 1252 1535; baseline 0.002 -15"><span class='ocrx_word' id='word_1_113' title='bbox 341 1477 520 1535; x_wconf 89' lang='lat' dir='ltr'><strong>Semper</strong></span> <span class='ocrx_word' id='word_1_114' title='bbox 549 1480 596 1521; x_wconf 91' lang='lat' dir='ltr'><strong>in</strong></span> <span class='ocrx_word' id='word_1_115' title='bbox 627 1480 738 1522; x_wconf 85' lang='lat' dir='ltr'><strong>irata</strong></span> <span class='ocrx_word' id='word_1_116' title='bbox 768 1480 953 1535; x_wconf 83' lang='lat' dir='ltr'><strong>pallidus</strong></span> <span class='ocrx_word' id='word_1_117' title='bbox 986 1495 1078 1522; x_wconf 89' lang='lat' dir='ltr'><strong>esse</strong></span> <span class='ocrx_word' id='word_1_118' title='bbox 1110 1480 1252 1523; x_wconf 88' lang='lat' dir='ltr'><strong>uelim.</strong></span> 
     </span>
     <span class='ocr_line' id='line_1_20' title="bbox 279 1549 1507 1607; baseline 0.002 -15"><span class='ocrx_word' id='word_1_119' title='bbox 279 1549 460 1592; x_wconf 82' lang='lat' dir='ltr'><strong>Dulcior</strong></span> <span class='ocrx_word' id='word_1_120' title='bbox 489 1550 605 1606; x_wconf 89' lang='lat' dir='ltr'><strong>ignis</strong></span> <span class='ocrx_word' id='word_1_121' title='bbox 637 1553 729 1593; x_wconf 88' lang='lat' dir='ltr'><strong>erat</strong></span> <span class='ocrx_word' id='word_1_122' title='bbox 759 1551 925 1605; x_wconf 83' lang='lat' dir='ltr'><strong>Paridi,</strong></span> <span class='ocrx_word' id='word_1_123' title='bbox 956 1565 1086 1605; x_wconf 89' lang='lat' dir='ltr'><strong>quom</strong></span> <span class='ocrx_word' id='word_1_124' title='bbox 1118 1550 1249 1594; x_wconf 86' lang='lat' dir='ltr'><strong>Graia</strong></span> <span class='ocrx_word' id='word_1_125' title='bbox 1279 1567 1355 1607; x_wconf 90' lang='lat' dir='ltr'><strong>per</strong></span> <span class='ocrx_word' id='word_1_126' title='bbox 1386 1561 1507 1595; x_wconf 85' lang='lat' dir='ltr'><strong>arma</strong></span> 
     </span>
     <span class='ocr_line' id='line_1_21' title="bbox 224 1620 1263 1677; baseline 0 -13"><span class='ocrx_word' id='word_1_127' title='bbox 224 1632 271 1664; x_wconf 84' lang='lat'><strong>30</strong></span> <span class='ocrx_word' id='word_1_128' title='bbox 344 1620 582 1676; x_wconf 84' lang='lat' dir='ltr'><strong>Tyndaridi</strong></span> <span class='ocrx_word' id='word_1_129' title='bbox 613 1623 787 1676; x_wconf 87' lang='lat' dir='ltr'><strong>poterat</strong></span> <span class='ocrx_word' id='word_1_130' title='bbox 817 1621 975 1677; x_wconf 85' lang='lat' dir='ltr'><strong>gaudia</strong></span> <span class='ocrx_word' id='word_1_131' title='bbox 1006 1621 1117 1663; x_wconf 88' lang='lat' dir='ltr'><strong>ferre</strong></span> <span class='ocrx_word' id='word_1_132' title='bbox 1150 1637 1263 1664; x_wconf 87' lang='lat' dir='ltr'><strong>suae.</strong></span> 
     </span>
     <span class='ocr_line' id='line_1_22' title="bbox 278 1691 1543 1752; baseline 0.003 -18"><span class='ocrx_word' id='word_1_133' title='bbox 278 1691 394 1735; x_wconf 89' lang='lat' dir='ltr'><strong>Dum</strong></span> <span class='ocrx_word' id='word_1_134' title='bbox 423 1691 603 1734; x_wconf 85' lang='lat' dir='ltr'><strong>uincunt</strong></span> <span class='ocrx_word' id='word_1_135' title='bbox 631 1691 793 1747; x_wconf 84' lang='lat' dir='ltr'><strong>Danai,</strong></span> <span class='ocrx_word' id='word_1_136' title='bbox 823 1692 924 1734; x_wconf 90' lang='lat' dir='ltr'><strong>dum</strong></span> <span class='ocrx_word' id='word_1_137' title='bbox 954 1695 1091 1735; x_wconf 88' lang='lat' dir='ltr'><strong>restat</strong></span> <span class='ocrx_word' id='word_1_138' title='bbox 1120 1693 1331 1736; x_wconf 86' lang='lat' dir='ltr'><strong>barbarus</strong></span> <span class='ocrx_word' id='word_1_139' title='bbox 1362 1695 1543 1752; x_wconf 81' lang='lat' dir='ltr'><strong>Hector,</strong></span> 
     </span>
     <span class='ocr_line' id='line_1_23' title="bbox 337 1762 1428 1822; baseline 0.004 -17"><span class='ocrx_word' id='word_1_140' title='bbox 337 1762 415 1805; x_wconf 89' lang='lat' dir='ltr'><strong>Hle</strong></span> <span class='ocrx_word' id='word_1_141' title='bbox 444 1762 636 1806; x_wconf 89' lang='lat' dir='ltr'><strong>Helenae</strong></span> <span class='ocrx_word' id='word_1_142' title='bbox 666 1764 712 1806; x_wconf 92' lang='lat' dir='ltr'><strong>in</strong></span> <span class='ocrx_word' id='word_1_143' title='bbox 743 1764 907 1820; x_wconf 87' lang='lat' dir='ltr'><strong>gremio</strong></span> <span class='ocrx_word' id='word_1_144' title='bbox 939 1765 1127 1808; x_wconf 82' lang='lat' dir='ltr'><strong>maxima</strong></span> <span class='ocrx_word' id='word_1_145' title='bbox 1156 1766 1272 1808; x_wconf 86' lang='lat' dir='ltr'><strong>bella</strong></span> <span class='ocrx_word' id='word_1_146' title='bbox 1303 1767 1428 1822; x_wconf 88' lang='lat' dir='ltr'><strong>gerit.</strong></span> 
     </span>
     <span class='ocr_line' id='line_1_24' title="bbox 279 1834 1490 1890; baseline 0.003 -13"><span class='ocrx_word' id='word_1_147' title='bbox 279 1834 370 1878; x_wconf 86' lang='lat' dir='ltr'><strong>Aut</strong></span> <span class='ocrx_word' id='word_1_148' title='bbox 398 1837 541 1878; x_wconf 85' lang='lat' dir='ltr'><strong>tecum</strong></span> <span class='ocrx_word' id='word_1_149' title='bbox 573 1838 648 1878; x_wconf 87' lang='lat' dir='ltr'><strong>aut</strong></span> <span class='ocrx_word' id='word_1_150' title='bbox 678 1850 756 1890; x_wconf 94' lang='lat' dir='ltr'><strong>pro</strong></span> <span class='ocrx_word' id='word_1_151' title='bbox 787 1837 830 1877; x_wconf 86' lang='lat' dir='ltr'><strong>te</strong></span> <span class='ocrx_word' id='word_1_152' title='bbox 861 1835 970 1878; x_wconf 89' lang='lat' dir='ltr'><strong>mihi</strong></span> <span class='ocrx_word' id='word_1_153' title='bbox 1001 1851 1098 1878; x_wconf 88' lang='lat' dir='ltr'><strong>oum</strong></span> <span class='ocrx_word' id='word_1_154' title='bbox 1129 1836 1337 1879; x_wconf 87' lang='lat' dir='ltr'><strong>riualibus</strong></span> <span class='ocrx_word' id='word_1_155' title='bbox 1369 1853 1490 1882; x_wconf 86' lang='lat' dir='ltr'><strong>arma</strong></span> 
     </span>
    </p>
   </div>
   <div class='ocr_carea' id='block_1_4' title="bbox 164 1914 447 1920">
    <p class='ocr_par' dir='ltr' id='par_1_4' title="bbox 164 1914 447 1920">
     <span class='ocr_line' id='line_1_25' title="bbox 164 1914 447 1920; baseline 0 0"><span class='ocrx_word' id='word_1_156' title='bbox 164 1914 447 1920; x_wconf 95' lang='lat' dir='ltr'><strong> </strong></span> 
     </span>
    </p>
   </div>
   <div class='ocr_carea' id='block_1_5' title="bbox 149 1939 1691 2919">
    <p class='ocr_par' dir='ltr' id='par_1_5' title="bbox 149 1939 1691 2919">
     <span class='ocr_line' id='line_1_26' title="bbox 256 1939 1691 1986; baseline 0.003 -10"><span class='ocrx_word' id='word_1_157' title='bbox 256 1940 348 1976; x_wconf 69' lang='lat' dir='ltr'><strong>Vn.</strong></span> <span class='ocrx_word' id='word_1_158' title='bbox 372 1953 471 1975; x_wconf 66' lang='lat' dir='ltr'><strong>an’r.</strong></span> <span class='ocrx_word' id='word_1_159' title='bbox 524 1944 566 1975; x_wconf 89' lang='lat'><strong>13</strong></span> <span class='ocrx_word' id='word_1_160' title='bbox 593 1939 793 1976; x_wconf 82' lang='lat' dir='ltr'><strong>Custodem</strong></span> <span class='ocrx_word' id='word_1_161' title='bbox 818 1945 847 1975; x_wconf 78' lang='lat'><strong>1)</strong></span> <span class='ocrx_word' id='word_1_162' title='bbox 866 1944 913 1985; x_wconf 94' lang='lat' dir='ltr'><strong>V,</strong></span> <span class='ocrx_word' id='word_1_163' title='bbox 939 1941 1035 1986; x_wconf 78' lang='lat' dir='ltr'><strong>quod</strong></span> <span class='ocrx_word' id='word_1_164' title='bbox 1052 1941 1285 1978; x_wconf 79' lang='lat' dir='ltr'><strong>Lachmanni</strong></span> <span class='ocrx_word' id='word_1_165' title='bbox 1308 1944 1535 1980; x_wconf 83' lang='lat' dir='ltr'><strong>coniecturae</strong></span> <span class='ocrx_word' id='word_1_166' title='bbox 1560 1945 1691 1982; x_wconf 86' lang='lat' dir='ltr'><strong>Custo-</strong></span> 
     </span>
     <span class='ocr_line' id='line_1_27' title="bbox 159 1999 1688 2049; baseline 0.003 -14"><span class='ocrx_word' id='word_1_167' title='bbox 159 1999 248 2036; x_wconf 86' lang='lat' dir='ltr'><strong>dum</strong></span> <span class='ocrx_word' id='word_1_168' title='bbox 272 2001 312 2035; x_wconf 89' lang='lat' dir='ltr'><strong>et</strong></span> <span class='ocrx_word' id='word_1_169' title='bbox 340 2000 443 2044; x_wconf 80' lang='lat' dir='ltr'><strong>fauet</strong></span> <span class='ocrx_word' id='word_1_170' title='bbox 482 2001 488 2045; x_wconf 89' lang='grc' dir='ltr'>Ι</span> <span class='ocrx_word' id='word_1_171' title='bbox 526 2011 641 2046; x_wconf 82' lang='lat' dir='ltr'><strong>grege</strong></span> <span class='ocrx_word' id='word_1_172' title='bbox 672 2012 747 2036; x_wconf 91' lang='lat' dir='ltr'><strong>non</strong></span> <span class='ocrx_word' id='word_1_173' title='bbox 778 2000 878 2036; x_wconf 82' lang='lat' dir='ltr'><strong>eirca</strong></span> <span class='ocrx_word' id='word_1_174' title='bbox 907 2011 946 2036; x_wconf 85' lang='lat' dir='ltr'><strong>se</strong></span> <span class='ocrx_word' id='word_1_175' title='bbox 978 2001 1095 2046; x_wconf 84' lang='lat' dir='ltr'><strong>stipat</strong></span> <span class='ocrx_word' id='word_1_176' title='bbox 1123 2002 1257 2046; x_wconf 80' lang='lat' dir='ltr'><strong>scripsi</strong></span> <span class='ocrx_word' id='word_1_177' title='bbox 1283 2002 1394 2037; x_wconf 82' lang='lat' dir='ltr'><strong>Misc.</strong></span> <span class='ocrx_word' id='word_1_178' title='bbox 1423 2002 1512 2038; x_wconf 83' lang='lat' dir='ltr'><strong>Crit.</strong></span> <span class='ocrx_word' id='word_1_179' title='bbox 1533 2015 1575 2049; x_wconf 85' lang='lat' dir='ltr'><strong>p.</strong></span> <span class='ocrx_word' id='word_1_180' title='bbox 1604 2009 1688 2041; x_wconf 84' lang='lat'>104:</span> 
     </span>
     <span class='ocr_line' id='line_1_28' title="bbox 161 2057 1689 2109; baseline 0.003 -15"><span class='ocrx_word' id='word_1_181' title='bbox 161 2057 336 2105; x_wconf 82' lang='lat' dir='ltr'><strong>gregibus</strong></span> <span class='ocrx_word' id='word_1_182' title='bbox 359 2059 458 2095; x_wconf 83' lang='lat' dir='ltr'><strong>eirea</strong></span> <span class='ocrx_word' id='word_1_183' title='bbox 481 2070 520 2094; x_wconf 82' lang='lat' dir='ltr'><strong>se</strong></span> <span class='ocrx_word' id='word_1_184' title='bbox 545 2059 663 2105; x_wconf 80' lang='lat' dir='ltr'><strong>stipat</strong></span> <span class='ocrx_word' id='word_1_185' title='bbox 688 2062 713 2093; x_wconf 91' lang='grc'><strong>0</strong></span> <span class='ocrx_word' id='word_1_186' title='bbox 738 2059 914 2105; x_wconf 88' lang='lat' dir='ltr'><strong>gregibus</strong></span> <span class='ocrx_word' id='word_1_187' title='bbox 941 2071 1007 2095; x_wconf 88' lang='lat' dir='ltr'><strong>seu</strong></span> <span class='ocrx_word' id='word_1_188' title='bbox 1032 2071 1116 2095; x_wconf 86' lang='lat' dir='ltr'><strong>cum</strong></span> <span class='ocrx_word' id='word_1_189' title='bbox 1148 2071 1186 2095; x_wconf 86' lang='lat' dir='ltr'><strong>se</strong></span> <span class='ocrx_word' id='word_1_190' title='bbox 1218 2059 1336 2106; x_wconf 79' lang='lat' dir='ltr'><strong>stipat</strong></span> <span class='ocrx_word' id='word_1_191' title='bbox 1362 2061 1536 2097; x_wconf 85' lang='lat' dir='ltr'><strong>Muretus</strong></span> <span class='ocrx_word' id='word_1_192' title='bbox 1566 2063 1689 2109; x_wconf 86' lang='lat' dir='ltr'><strong>gregi-</strong></span> 
     </span>
     <span class='ocr_line' id='line_1_29' title="bbox 158 2117 1688 2168; baseline 0.004 -15"><span class='ocrx_word' id='word_1_193' title='bbox 158 2117 227 2153; x_wconf 83' lang='lat' dir='ltr'><strong>bus</strong></span> <span class='ocrx_word' id='word_1_194' title='bbox 246 2117 346 2156; x_wconf 78' lang='lat' dir='ltr'><strong>eirca</strong></span> <span class='ocrx_word' id='word_1_195' title='bbox 363 2129 429 2153; x_wconf 85' lang='lat' dir='ltr'><strong>seu</strong></span> <span class='ocrx_word' id='word_1_196' title='bbox 448 2119 493 2153; x_wconf 86' lang='lat' dir='ltr'><strong>st.</strong></span> <span class='ocrx_word' id='word_1_197' title='bbox 507 2118 770 2154; x_wconf 78' lang='lat' dir='ltr'><strong>Laehmannus</strong></span> <span class='ocrx_word' id='word_1_198' title='bbox 788 2118 963 2164; x_wconf 87' lang='lat' dir='ltr'><strong>gregibus</strong></span> <span class='ocrx_word' id='word_1_199' title='bbox 983 2130 1049 2154; x_wconf 86' lang='lat' dir='ltr'><strong>seu</strong></span> <span class='ocrx_word' id='word_1_200' title='bbox 1068 2130 1106 2154; x_wconf 88' lang='lat' dir='ltr'><strong>se</strong></span> <span class='ocrx_word' id='word_1_201' title='bbox 1125 2130 1200 2154; x_wconf 89' lang='lat' dir='ltr'><strong>non</strong></span> <span class='ocrx_word' id='word_1_202' title='bbox 1219 2120 1263 2154; x_wconf 87' lang='lat' dir='ltr'><strong>st.</strong></span> <span class='ocrx_word' id='word_1_203' title='bbox 1278 2119 1517 2164; x_wconf 80' lang='lat' dir='ltr'><strong>Fonteinius3</strong></span> <span class='ocrx_word' id='word_1_204' title='bbox 1538 2134 1588 2157; x_wconf 84' lang='lat' dir='ltr'><strong>an</strong></span> <span class='ocrx_word' id='word_1_205' title='bbox 1606 2135 1688 2168; x_wconf 85' lang='lat' dir='ltr'><strong>gre-</strong></span> 
     </span>
     <span class='ocr_line' id='line_1_30' title="bbox 157 2174 1685 2227; baseline 0.003 -15"><span class='ocrx_word' id='word_1_206' title='bbox 157 2174 268 2221; x_wconf 82' lang='lat' dir='ltr'><strong>gibus</strong></span> <span class='ocrx_word' id='word_1_207' title='bbox 287 2176 387 2212; x_wconf 81' lang='lat' dir='ltr'><strong>circa</strong></span> <span class='ocrx_word' id='word_1_208' title='bbox 405 2176 479 2211; x_wconf 84' lang='lat' dir='ltr'><strong>hau</strong></span> <span class='ocrx_word' id='word_1_209' title='bbox 498 2187 537 2211; x_wconf 86' lang='lat' dir='ltr'><strong>se</strong></span> <span class='ocrx_word' id='word_1_210' title='bbox 551 2178 595 2212; x_wconf 85' lang='lat' dir='ltr'><strong>st.</strong></span> <span class='ocrx_word' id='word_1_211' title='bbox 610 2175 631 2210; x_wconf 61' lang='lat'><strong>‚2</strong></span> <span class='ocrx_word' id='word_1_212' title='bbox 649 2178 662 2222; x_wconf 79' lang='lat' dir='ltr'>u</span> <span class='ocrx_word' id='word_1_213' title='bbox 682 2180 727 2211; x_wconf 82' lang='lat'><strong>14</strong></span> <span class='ocrx_word' id='word_1_214' title='bbox 742 2177 814 2212; x_wconf 89' lang='lat' dir='ltr'><strong>Sed</strong></span> <span class='ocrx_word' id='word_1_215' title='bbox 827 2176 1062 2220; x_wconf 78' lang='lat' dir='ltr'><strong>Fonteinius,</strong></span> <span class='ocrx_word' id='word_1_216' title='bbox 1082 2189 1160 2223; x_wconf 87' lang='lat' dir='ltr'><strong>eyo:</strong></span> <span class='ocrx_word' id='word_1_217' title='bbox 1182 2178 1255 2213; x_wconf 90' lang='lat' dir='ltr'><strong>Seu</strong></span> <span class='ocrx_word' id='word_1_218' title='bbox 1269 2181 1294 2212; x_wconf 89' lang='lat'><strong>0</strong></span> <span class='ocrx_word' id='word_1_219' title='bbox 1312 2178 1315 2225; x_wconf 53' lang='lat' dir='ltr'>J</span> <span class='ocrx_word' id='word_1_220' title='bbox 1332 2178 1408 2214; x_wconf 81' lang='lat' dir='ltr'><strong>icta</strong></span> <span class='ocrx_word' id='word_1_221' title='bbox 1421 2182 1463 2215; x_wconf 90' lang='lat'><strong>0:</strong></span> <span class='ocrx_word' id='word_1_222' title='bbox 1484 2181 1567 2216; x_wconf 77' lang='lat' dir='ltr'><strong>acta</strong></span> <span class='ocrx_word' id='word_1_223' title='bbox 1581 2182 1618 2227; x_wconf 55' lang='lat' dir='ltr'><strong>§J</strong></span> <span class='ocrx_word' id='word_1_224' title='bbox 1642 2187 1685 2217; x_wconf 88' lang='grc'><strong>16</strong></span> 
     </span>
     <span class='ocr_line' id='line_1_31' title="bbox 157 2234 1685 2286; baseline 0.004 -17"><span class='ocrx_word' id='word_1_225' title='bbox 157 2234 336 2270; x_wconf 78' lang='lat' dir='ltr'><strong>miserum</strong></span> <span class='ocrx_word' id='word_1_226' title='bbox 359 2239 389 2269; x_wconf 77' lang='lat'><strong>1)</strong></span> <span class='ocrx_word' id='word_1_227' title='bbox 407 2237 439 2268; x_wconf 99' lang='lat' dir='ltr'><strong>V</strong></span> <span class='ocrx_word' id='word_1_228' title='bbox 459 2236 465 2279; x_wconf 89' lang='grc' dir='ltr'>Ι</span> <span class='ocrx_word' id='word_1_229' title='bbox 481 2238 574 2280; x_wconf 86' lang='lat' dir='ltr'><strong>puto</strong></span> <span class='ocrx_word' id='word_1_230' title='bbox 598 2235 700 2280; x_wconf 83' lang='lat' dir='ltr'><strong>picta</strong></span> <span class='ocrx_word' id='word_1_231' title='bbox 723 2235 866 2280; x_wconf 81' lang='lat' dir='ltr'><strong>pericla</strong></span> <span class='ocrx_word' id='word_1_232' title='bbox 888 2237 1071 2282; x_wconf 78' lang='lat' dir='ltr'><strong>mouentfl</strong></span> <span class='ocrx_word' id='word_1_233' title='bbox 1092 2241 1134 2272; x_wconf 82' lang='lat'><strong>17</strong></span> <span class='ocrx_word' id='word_1_234' title='bbox 1162 2248 1248 2282; x_wconf 72' lang='lat' dir='ltr'><strong>ergo</strong></span> <span class='ocrx_word' id='word_1_235' title='bbox 1274 2239 1332 2282; x_wconf 79' lang='lat' dir='ltr'><strong>1?ss</strong></span> <span class='ocrx_word' id='word_1_236' title='bbox 1353 2242 1397 2273; x_wconf 92' lang='lat'><strong>18</strong></span> <span class='ocrx_word' id='word_1_237' title='bbox 1422 2239 1499 2274; x_wconf 89' lang='lat' dir='ltr'><strong>Has</strong></span> <span class='ocrx_word' id='word_1_238' title='bbox 1524 2243 1552 2273; x_wconf 77' lang='grc' dir='ltr'><strong>Ε</strong></span> <span class='ocrx_word' id='word_1_239' title='bbox 1576 2251 1623 2278; x_wconf 80' lang='lat' dir='ltr'><strong>m,</strong></span> <span class='ocrx_word' id='word_1_240' title='bbox 1647 2244 1685 2286; x_wconf 80' lang='lat'><strong>2,</strong></span> 
     </span>
     <span class='ocr_line' id='line_1_32' title="bbox 157 2293 1682 2347; baseline 0.005 -21"><span class='ocrx_word' id='word_1_241' title='bbox 157 2295 188 2326; x_wconf 92' lang='lat' dir='ltr'><strong>V</strong></span> <span class='ocrx_word' id='word_1_242' title='bbox 211 2304 256 2328; x_wconf 75' lang='lat' dir='ltr'><strong>ex</strong></span> <span class='ocrx_word' id='word_1_243' title='bbox 280 2304 390 2338; x_wconf 59' lang='lat' dir='ltr'><strong>corr„</strong></span> <span class='ocrx_word' id='word_1_244' title='bbox 414 2296 465 2329; x_wconf 68' lang='lat' dir='ltr'><strong>R:</strong></span> <span class='ocrx_word' id='word_1_245' title='bbox 490 2293 588 2328; x_wconf 80' lang='lat' dir='ltr'><strong>Nam</strong></span> <span class='ocrx_word' id='word_1_246' title='bbox 614 2297 638 2328; x_wconf 89' lang='grc'><strong>0</strong></span> <span class='ocrx_word' id='word_1_247' title='bbox 675 2295 687 2338; x_wconf 87' lang='grc' dir='ltr'><strong>ΙΙ</strong></span> <span class='ocrx_word' id='word_1_248' title='bbox 726 2298 769 2329; x_wconf 86' lang='grc'><strong>19</strong></span> <span class='ocrx_word' id='word_1_249' title='bbox 807 2293 920 2339; x_wconf 88' lang='lat' dir='ltr'><strong>iuria,</strong></span> <span class='ocrx_word' id='word_1_250' title='bbox 946 2294 985 2330; x_wconf 90' lang='lat' dir='ltr'><strong>in</strong></span> <span class='ocrx_word' id='word_1_251' title='bbox 1008 2306 1125 2341; x_wconf 84' lang='lat' dir='ltr'><strong>supra</strong></span> <span class='ocrx_word' id='word_1_252' title='bbox 1150 2297 1214 2332; x_wconf 85' lang='lat' dir='ltr'><strong>lin.</strong></span> <span class='ocrx_word' id='word_1_253' title='bbox 1241 2298 1344 2341; x_wconf 62' lang='lat' dir='ltr'><strong>add„</strong></span> <span class='ocrx_word' id='word_1_254' title='bbox 1369 2301 1397 2331; x_wconf 76' lang='lat' dir='ltr'>F</span> <span class='ocrx_word' id='word_1_255' title='bbox 1421 2298 1583 2344; x_wconf 86' lang='lat' dir='ltr'><strong>iniurgia</strong></span> <span class='ocrx_word' id='word_1_256' title='bbox 1606 2303 1638 2333; x_wconf 73' lang='grc' dir='ltr'>Π</span> <span class='ocrx_word' id='word_1_257' title='bbox 1678 2301 1682 2347; x_wconf 72' lang='grc' dir='ltr'>ξ</span> 
     </span>
     <span class='ocr_line' id='line_1_33' title="bbox 156 2351 1687 2401; baseline 0.005 -15"><span class='ocrx_word' id='word_1_258' title='bbox 156 2352 281 2387; x_wconf 81' lang='lat' dir='ltr'><strong>uertat</strong></span> <span class='ocrx_word' id='word_1_259' title='bbox 303 2355 332 2385; x_wconf 76' lang='lat' dir='ltr'>r</span> <span class='ocrx_word' id='word_1_260' title='bbox 367 2352 381 2397; x_wconf 79' lang='lat' dir='ltr'>fl</span> <span class='ocrx_word' id='word_1_261' title='bbox 411 2355 455 2386; x_wconf 86' lang='lat'><strong>21</strong></span> <span class='ocrx_word' id='word_1_262' title='bbox 481 2351 524 2386; x_wconf 90' lang='lat' dir='ltr'><strong>In</strong></span> <span class='ocrx_word' id='word_1_263' title='bbox 547 2363 671 2388; x_wconf 86' lang='lat' dir='ltr'><strong>morso</strong></span> <span class='ocrx_word' id='word_1_264' title='bbox 697 2355 740 2388; x_wconf 87' lang='lat'><strong>0:</strong></span> <span class='ocrx_word' id='word_1_265' title='bbox 765 2353 946 2389; x_wconf 90' lang='lat' dir='ltr'><strong>Immorso</strong></span> <span class='ocrx_word' id='word_1_266' title='bbox 972 2354 1069 2390; x_wconf 88' lang='lat' dir='ltr'><strong>Itali</strong></span> <span class='ocrx_word' id='word_1_267' title='bbox 1100 2356 1106 2400; x_wconf 93' lang='grc' dir='ltr'>Ι</span> <span class='ocrx_word' id='word_1_268' title='bbox 1138 2355 1267 2391; x_wconf 85' lang='lat' dir='ltr'><strong>uideat</strong></span> <span class='ocrx_word' id='word_1_269' title='bbox 1290 2360 1319 2390; x_wconf 85' lang='lat'><strong>1&gt;</strong></span> <span class='ocrx_word' id='word_1_270' title='bbox 1345 2356 1487 2401; x_wconf 68' lang='lat' dir='ltr'><strong>(uideat</strong></span> <span class='ocrx_word' id='word_1_271' title='bbox 1510 2361 1541 2392; x_wconf 94' lang='lat' dir='ltr'><strong>V</strong></span> <span class='ocrx_word' id='word_1_272' title='bbox 1565 2359 1620 2394; x_wconf 87' lang='lat' dir='ltr'><strong>ita</strong></span> <span class='ocrx_word' id='word_1_273' title='bbox 1644 2363 1687 2394; x_wconf 83' lang='lat' dir='ltr'><strong>ut</strong></span> 
     </span>
     <span class='ocr_line' id='line_1_34' title="bbox 156 2411 1684 2463; baseline 0.006 -18"><span class='ocrx_word' id='word_1_274' title='bbox 156 2411 291 2446; x_wconf 78' lang='lat' dir='ltr'><strong>lineola</strong></span> <span class='ocrx_word' id='word_1_275' title='bbox 314 2411 468 2454; x_wconf 80' lang='lat' dir='ltr'><strong>fortasse</strong></span> <span class='ocrx_word' id='word_1_276' title='bbox 492 2422 516 2446; x_wconf 85' lang='lat' dir='ltr'><strong><em>a</em></strong></span> <span class='ocrx_word' id='word_1_277' title='bbox 539 2422 584 2446; x_wconf 89' lang='lat' dir='ltr'><strong>m.</strong></span> <span class='ocrx_word' id='word_1_278' title='bbox 612 2415 638 2447; x_wconf 80' lang='lat'><strong><em>2</em></strong></span> <span class='ocrx_word' id='word_1_279' title='bbox 662 2412 725 2457; x_wconf 87' lang='lat' dir='ltr'><strong>sit)</strong></span> <span class='ocrx_word' id='word_1_280' title='bbox 743 2414 757 2457; x_wconf 78' lang='grc' dir='ltr'>Ι</span> <span class='ocrx_word' id='word_1_281' title='bbox 774 2416 859 2448; x_wconf 82' lang='lat' dir='ltr'><strong>ante</strong></span> <span class='ocrx_word' id='word_1_282' title='bbox 883 2417 929 2448; x_wconf 85' lang='grc'><strong>24</strong></span> <span class='ocrx_word' id='word_1_283' title='bbox 953 2417 1100 2449; x_wconf 81' lang='lat' dir='ltr'><strong>auctore</strong></span> <span class='ocrx_word' id='word_1_284' title='bbox 1124 2414 1170 2450; x_wconf 86' lang='lat' dir='ltr'><strong>L.</strong></span> <span class='ocrx_word' id='word_1_285' title='bbox 1192 2415 1373 2451; x_wconf 83' lang='lat' dir='ltr'><strong>Muellero</strong></span> <span class='ocrx_word' id='word_1_286' title='bbox 1398 2417 1552 2453; x_wconf 83' lang='lat' dir='ltr'><strong>lacunae</strong></span> <span class='ocrx_word' id='word_1_287' title='bbox 1575 2419 1684 2463; x_wconf 84' lang='lat' dir='ltr'><strong>siyna</strong></span> 
     </span>
     <span class='ocr_line' id='line_1_35' title="bbox 149 2470 1683 2520; baseline 0.006 -16"><span class='ocrx_word' id='word_1_288' title='bbox 149 2470 264 2514; x_wconf 83' lang='lat' dir='ltr'><strong>posui</strong></span> <span class='ocrx_word' id='word_1_289' title='bbox 287 2473 357 2514; x_wconf 84' lang='lat'><strong>(25,</strong></span> <span class='ocrx_word' id='word_1_290' title='bbox 377 2473 421 2505; x_wconf 83' lang='grc'><strong>26</strong></span> <span class='ocrx_word' id='word_1_291' title='bbox 446 2471 537 2515; x_wconf 79' lang='lat' dir='ltr'><strong>quid</strong></span> <span class='ocrx_word' id='word_1_292' title='bbox 559 2471 619 2506; x_wconf 79' lang='lat' dir='ltr'><strong>hic</strong></span> <span class='ocrx_word' id='word_1_293' title='bbox 641 2471 715 2506; x_wconf 84' lang='lat' dir='ltr'><strong>sibi</strong></span> <span class='ocrx_word' id='word_1_294' title='bbox 737 2473 870 2507; x_wconf 81' lang='lat' dir='ltr'><strong>uellent</strong></span> <span class='ocrx_word' id='word_1_295' title='bbox 893 2473 968 2509; x_wconf 85' lang='lat' dir='ltr'><strong>iam</strong></span> <span class='ocrx_word' id='word_1_296' title='bbox 988 2473 1152 2520; x_wconf 80' lang='lat' dir='ltr'><strong>Guyetus</strong></span> <span class='ocrx_word' id='word_1_297' title='bbox 1177 2485 1252 2510; x_wconf 86' lang='lat' dir='ltr'><strong>non</strong></span> <span class='ocrx_word' id='word_1_298' title='bbox 1275 2476 1469 2520; x_wconf 76' lang='lat' dir='ltr'><strong>intellexit,</strong></span> <span class='ocrx_word' id='word_1_299' title='bbox 1494 2476 1683 2513; x_wconf 83' lang='lat' dir='ltr'><strong>Burman-</strong></span> 
     </span>
     <span class='ocr_line' id='line_1_36' title="bbox 155 2528 1683 2581; baseline 0.006 -18"><span class='ocrx_word' id='word_1_300' title='bbox 155 2539 226 2564; x_wconf 84' lang='lat' dir='ltr'><strong>nus</strong></span> <span class='ocrx_word' id='word_1_301' title='bbox 250 2528 581 2574; x_wconf 80' lang='lat' dir='ltr'><strong>Lachmannusque</strong></span> <span class='ocrx_word' id='word_1_302' title='bbox 605 2530 755 2566; x_wconf 76' lang='lat' dir='ltr'><strong>aliunde</strong></span> <span class='ocrx_word' id='word_1_303' title='bbox 782 2531 918 2568; x_wconf 80' lang='lat' dir='ltr'><strong>inlatos</strong></span> <span class='ocrx_word' id='word_1_304' title='bbox 941 2534 1147 2578; x_wconf 78' lang='lat' dir='ltr'><strong>putabant3</strong></span> <span class='ocrx_word' id='word_1_305' title='bbox 1174 2535 1358 2570; x_wconf 80' lang='lat' dir='ltr'><strong>cohaerere</strong></span> <span class='ocrx_word' id='word_1_306' title='bbox 1382 2546 1463 2570; x_wconf 83' lang='lat' dir='ltr'><strong>cum</strong></span> <span class='ocrx_word' id='word_1_307' title='bbox 1486 2538 1683 2581; x_wconf 84' lang='lat' dir='ltr'><strong>superiori-</strong></span> 
     </span>
     <span class='ocr_line' id='line_1_37' title="bbox 155 2587 1657 2641; baseline 0.007 -20"><span class='ocrx_word' id='word_1_308' title='bbox 155 2588 239 2632; x_wconf 84' lang='lat' dir='ltr'><strong>bus,</strong></span> <span class='ocrx_word' id='word_1_309' title='bbox 262 2587 298 2622; x_wconf 82' lang='lat' dir='ltr'><strong>si</strong></span> <span class='ocrx_word' id='word_1_310' title='bbox 314 2599 351 2622; x_wconf 89' lang='lat' dir='ltr'><strong>u.</strong></span> <span class='ocrx_word' id='word_1_311' title='bbox 371 2591 418 2622; x_wconf 81' lang='lat'><strong>24</strong></span> <span class='ocrx_word' id='word_1_312' title='bbox 435 2598 538 2623; x_wconf 78' lang='lat' dir='ltr'><strong>meas</strong></span> <span class='ocrx_word' id='word_1_313' title='bbox 557 2591 589 2623; x_wconf 84' lang='lat' dir='ltr'><strong>et</strong></span> <span class='ocrx_word' id='word_1_314' title='bbox 607 2590 692 2624; x_wconf 80' lang='lat' dir='ltr'><strong>tuas</strong></span> <span class='ocrx_word' id='word_1_315' title='bbox 709 2590 805 2625; x_wconf 86' lang='lat' dir='ltr'><strong>inter</strong></span> <span class='ocrx_word' id='word_1_316' title='bbox 822 2601 859 2626; x_wconf 81' lang='lat' dir='ltr'><strong>se</strong></span> <span class='ocrx_word' id='word_1_317' title='bbox 876 2594 1186 2637; x_wconf 76' lang='lat' dir='ltr'><strong>transponantur,</strong></span> <span class='ocrx_word' id='word_1_318' title='bbox 1212 2598 1327 2630; x_wconf 79' lang='lat' dir='ltr'><strong>censet</strong></span> <span class='ocrx_word' id='word_1_319' title='bbox 1345 2594 1657 2641; x_wconf 74' lang='lat' dir='ltr'><strong>Sandstroemius)</strong></span> 
     </span>
     <span class='ocr_line' id='line_1_38' title="bbox 155 2645 1680 2700; baseline 0.005 -18"><span class='ocrx_word' id='word_1_320' title='bbox 155 2650 200 2682; x_wconf 79' lang='lat'><strong>27</strong></span> <span class='ocrx_word' id='word_1_321' title='bbox 226 2645 326 2682; x_wconf 86' lang='lat' dir='ltr'><strong>Audi</strong></span> <span class='ocrx_word' id='word_1_322' title='bbox 349 2650 393 2690; x_wconf 70' lang='grc' dir='ltr'><strong>Ε,</strong></span> <span class='ocrx_word' id='word_1_323' title='bbox 419 2657 509 2682; x_wconf 87' lang='lat' dir='ltr'><strong>corr.</strong></span> <span class='ocrx_word' id='word_1_324' title='bbox 534 2658 603 2692; x_wconf 90' lang='lat' dir='ltr'><strong>my.</strong></span> <span class='ocrx_word' id='word_1_325' title='bbox 629 2658 674 2682; x_wconf 89' lang='lat' dir='ltr'><strong>m.</strong></span> <span class='ocrx_word' id='word_1_326' title='bbox 700 2651 727 2683; x_wconf 79' lang='lat'><strong><em>2</em></strong></span> <span class='ocrx_word' id='word_1_327' title='bbox 760 2650 767 2693; x_wconf 88' lang='grc' dir='ltr'>Ι</span> <span class='ocrx_word' id='word_1_328' title='bbox 801 2649 887 2694; x_wconf 88' lang='lat' dir='ltr'><strong>quoi</strong></span> <span class='ocrx_word' id='word_1_329' title='bbox 912 2651 1061 2695; x_wconf 77' lang='lat' dir='ltr'><strong>scripsi:</strong></span> <span class='ocrx_word' id='word_1_330' title='bbox 1088 2663 1159 2696; x_wconf 91' lang='lat' dir='ltr'><strong>que</strong></span> <span class='ocrx_word' id='word_1_331' title='bbox 1185 2653 1243 2688; x_wconf 85' lang='lat' dir='ltr'><strong>uel</strong></span> <span class='ocrx_word' id='word_1_332' title='bbox 1268 2664 1364 2697; x_wconf 89' lang='lat' dir='ltr'><strong>quae</strong></span> <span class='ocrx_word' id='word_1_333' title='bbox 1390 2657 1415 2688; x_wconf 89' lang='lat'>0</span> <span class='ocrx_word' id='word_1_334' title='bbox 1441 2665 1534 2699; x_wconf 88' lang='lat' dir='ltr'><strong>quos</strong></span> <span class='ocrx_word' id='word_1_335' title='bbox 1558 2658 1586 2688; x_wconf 75' lang='lat' dir='ltr'>P</span> <span class='ocrx_word' id='word_1_336' title='bbox 1611 2667 1680 2700; x_wconf 87' lang='lat' dir='ltr'><strong>my.</strong></span> 
     </span>
     <span class='ocr_line' id='line_1_39' title="bbox 153 2705 1679 2757; baseline 0.005 -16"><span class='ocrx_word' id='word_1_337' title='bbox 153 2716 200 2741; x_wconf 90' lang='lat' dir='ltr'><strong>m.</strong></span> <span class='ocrx_word' id='word_1_338' title='bbox 225 2707 252 2741; x_wconf 78' lang='lat'><strong><em>2</em></strong></span> <span class='ocrx_word' id='word_1_339' title='bbox 276 2717 391 2750; x_wconf 87' lang='lat' dir='ltr'><strong>quum</strong></span> <span class='ocrx_word' id='word_1_340' title='bbox 416 2716 438 2744; x_wconf 88' lang='grc' dir='ltr'><strong><em>ς</em></strong></span> <span class='ocrx_word' id='word_1_341' title='bbox 456 2707 469 2751; x_wconf 92' lang='grc' dir='ltr'><strong>ΙΙ</strong></span> <span class='ocrx_word' id='word_1_342' title='bbox 487 2709 532 2741; x_wconf 87' lang='grc'><strong>28</strong></span> <span class='ocrx_word' id='word_1_343' title='bbox 558 2705 656 2742; x_wconf 82' lang='lat' dir='ltr'><strong>irata.</strong></span> <span class='ocrx_word' id='word_1_344' title='bbox 673 2710 722 2742; x_wconf 79' lang='lat'><strong>11:</strong></span> <span class='ocrx_word' id='word_1_345' title='bbox 747 2706 881 2743; x_wconf 81' lang='lat' dir='ltr'><strong>iratam</strong></span> <span class='ocrx_word' id='word_1_346' title='bbox 901 2710 1021 2755; x_wconf 75' lang='grc'><strong>01129</strong></span> <span class='ocrx_word' id='word_1_347' title='bbox 1047 2722 1159 2755; x_wconf 90' lang='lat' dir='ltr'><strong>quom</strong></span> <span class='ocrx_word' id='word_1_348' title='bbox 1184 2722 1263 2757; x_wconf 84' lang='lat' dir='ltr'><strong>eyo:</strong></span> <span class='ocrx_word' id='word_1_349' title='bbox 1289 2723 1363 2756; x_wconf 90' lang='lat' dir='ltr'><strong>quo</strong></span> <span class='ocrx_word' id='word_1_350' title='bbox 1387 2717 1416 2746; x_wconf 81' lang='lat'><strong>1)</strong></span> <span class='ocrx_word' id='word_1_351' title='bbox 1436 2715 1466 2746; x_wconf 94' lang='lat' dir='ltr'><strong>V</strong></span> <span class='ocrx_word' id='word_1_352' title='bbox 1493 2722 1577 2748; x_wconf 86' lang='lat' dir='ltr'><strong>eum</strong></span> <span class='ocrx_word' id='word_1_353' title='bbox 1602 2717 1629 2747; x_wconf 76' lang='grc' dir='ltr'><strong><em>Ε</em></strong></span> <span class='ocrx_word' id='word_1_354' title='bbox 1648 2717 1679 2748; x_wconf 72' lang='lat' dir='ltr'><strong>R</strong></span> 
     </span>
     <span class='ocr_line' id='line_1_40' title="bbox 155 2767 1679 2818; baseline 0.005 -18"><span class='ocrx_word' id='word_1_355' title='bbox 155 2767 200 2810; x_wconf 89' lang='lat' dir='ltr'><strong>(V</strong></span> <span class='ocrx_word' id='word_1_356' title='bbox 223 2775 293 2810; x_wconf 88' lang='lat' dir='ltr'><strong>my.</strong></span> <span class='ocrx_word' id='word_1_357' title='bbox 319 2775 365 2800; x_wconf 91' lang='lat' dir='ltr'><strong>m.</strong></span> <span class='ocrx_word' id='word_1_358' title='bbox 385 2768 412 2800; x_wconf 84' lang='lat'><strong><em>2</em></strong></span> <span class='ocrx_word' id='word_1_359' title='bbox 437 2769 471 2800; x_wconf 85' lang='lat' dir='ltr'><strong>et</strong></span> <span class='ocrx_word' id='word_1_360' title='bbox 487 2769 517 2799; x_wconf 80' lang='lat'><strong>1)</strong></span> <span class='ocrx_word' id='word_1_361' title='bbox 541 2776 611 2811; x_wconf 90' lang='lat' dir='ltr'><strong>my.</strong></span> <span class='ocrx_word' id='word_1_362' title='bbox 630 2776 704 2811; x_wconf 86' lang='lat' dir='ltr'><strong>pro</strong></span> <span class='ocrx_word' id='word_1_363' title='bbox 721 2778 802 2802; x_wconf 84' lang='lat' dir='ltr'><strong>uar.</strong></span> <span class='ocrx_word' id='word_1_364' title='bbox 823 2768 914 2811; x_wconf 81' lang='lat' dir='ltr'><strong>lect.)</strong></span> <span class='ocrx_word' id='word_1_365' title='bbox 930 2768 934 2815; x_wconf 80' lang='grc' dir='ltr'>Ι</span> <span class='ocrx_word' id='word_1_366' title='bbox 951 2767 1064 2805; x_wconf 82' lang='lat' dir='ltr'><strong>Graia</strong></span> <span class='ocrx_word' id='word_1_367' title='bbox 1082 2769 1297 2808; x_wconf 67' lang='lat' dir='ltr'><strong>Frater-ius:</strong></span> <span class='ocrx_word' id='word_1_368' title='bbox 1317 2774 1428 2818; x_wconf 86' lang='lat' dir='ltr'><strong>grata</strong></span> <span class='ocrx_word' id='word_1_369' title='bbox 1446 2775 1470 2805; x_wconf 93' lang='lat'><strong>0</strong></span> <span class='ocrx_word' id='word_1_370' title='bbox 1484 2772 1494 2817; x_wconf 65' lang='grc' dir='ltr'><strong>ξ’</strong></span> <span class='ocrx_word' id='word_1_371' title='bbox 1508 2776 1554 2807; x_wconf 89' lang='grc'><strong>30</strong></span> <span class='ocrx_word' id='word_1_372' title='bbox 1573 2772 1679 2808; x_wconf 88' lang='lat' dir='ltr'><strong>Tind.</strong></span> 
     </span>
     <span class='ocr_line' id='line_1_41' title="bbox 153 2824 1680 2876; baseline 0.006 -19"><span class='ocrx_word' id='word_1_373' title='bbox 153 2826 182 2857; x_wconf 77' lang='lat' dir='ltr'>r</span> <span class='ocrx_word' id='word_1_374' title='bbox 199 2825 232 2857; x_wconf 69' lang='lat' dir='ltr'>R</span> <span class='ocrx_word' id='word_1_375' title='bbox 249 2825 280 2857; x_wconf 92' lang='lat' dir='ltr'><strong>V</strong></span> <span class='ocrx_word' id='word_1_376' title='bbox 314 2824 328 2869; x_wconf 72' lang='lat' dir='ltr'>fl</span> <span class='ocrx_word' id='word_1_377' title='bbox 362 2827 405 2859; x_wconf 88' lang='lat'><strong>31</strong></span> <span class='ocrx_word' id='word_1_378' title='bbox 432 2824 627 2861; x_wconf 82' lang='lat' dir='ltr'><strong>Dardanus</strong></span> <span class='ocrx_word' id='word_1_379' title='bbox 651 2825 830 2862; x_wconf 79' lang='lat' dir='ltr'><strong>Heinsius</strong></span> <span class='ocrx_word' id='word_1_380' title='bbox 853 2827 1018 2863; x_wconf 80' lang='lat' dir='ltr'><strong>feruidus</strong></span> <span class='ocrx_word' id='word_1_381' title='bbox 1042 2829 1264 2876; x_wconf 81' lang='lat' dir='ltr'><strong>Fonteinius</strong></span> <span class='ocrx_word' id='word_1_382' title='bbox 1298 2832 1311 2875; x_wconf 87' lang='grc' dir='ltr'><strong>ΙΙ</strong></span> <span class='ocrx_word' id='word_1_383' title='bbox 1348 2834 1393 2865; x_wconf 90' lang='grc'><strong>32</strong></span> <span class='ocrx_word' id='word_1_384' title='bbox 1418 2830 1555 2866; x_wconf 82' lang='lat' dir='ltr'><strong>Martia</strong></span> <span class='ocrx_word' id='word_1_385' title='bbox 1580 2831 1680 2866; x_wconf 82' lang='lat' dir='ltr'><strong>bella</strong></span> 
     </span>
     <span class='ocr_line' id='line_1_42' title="bbox 153 2881 1498 2919; baseline 0.006 -2"><span class='ocrx_word' id='word_1_386' title='bbox 153 2881 398 2919; x_wconf 80' lang='lat' dir='ltr'><strong>Burmannus</strong></span> <span class='ocrx_word' id='word_1_387' title='bbox 1492 2892 1498 2898; x_wconf 90' lang='grc'><em>“</em></span> 
     </span>
    </p>
   </div>
  </div>
 </body>
</html>
