<?xml version="1.0" encoding="UTF-8"?>
<!DOCTYPE html PUBLIC "-//W3C//DTD XHTML 1.0 Transitional//EN"
    "http://www.w3.org/TR/xhtml1/DTD/xhtml1-transitional.dtd">
<html xmlns="http://www.w3.org/1999/xhtml" xml:lang="en" lang="en">
 <head>
  <title>
</title>
<meta http-equiv="Content-Type" content="text/html;charset=utf-8" />
  <meta name='ocr-system' content='tesseract 3.04.00' />
  <meta name='ocr-capabilities' content='ocr_page ocr_carea ocr_par ocr_line ocrx_word'/>
</head>
<body>
  <div class='ocr_page' id='page_1' title='image "./elegiarumlibrir00propuoft_0061.png"; bbox 0 0 1898 3190; ppageno 0'>
   <div class='ocr_carea' id='block_1_1' title="bbox 212 740 1486 808">
    <p class='ocr_par' dir='ltr' id='par_1_1' title="bbox 212 740 1486 808">
     <span class='ocr_line' id='line_1_1' title="bbox 212 740 1486 808; baseline 0 -2"><span class='ocrx_word' id='word_1_1' title='bbox 212 740 393 806; x_wconf 80' lang='lat' dir='ltr'><strong>SEX.</strong></span> <span class='ocrx_word' id='word_1_2' title='bbox 430 741 911 806; x_wconf 85' lang='lat' dir='ltr'>PROPERTII</span> <span class='ocrx_word' id='word_1_3' title='bbox 948 742 1486 808; x_wconf 82' lang='lat' dir='ltr'><strong>ELEGIARUM</strong></span> 
     </span>
    </p>
   </div>
   <div class='ocr_carea' id='block_1_2' title="bbox 758 871 929 913">
    <p class='ocr_par' dir='ltr' id='par_1_2' title="bbox 758 871 929 913">
     <span class='ocr_line' id='line_1_2' title="bbox 758 871 929 913; baseline 0 0"><span class='ocrx_word' id='word_1_4' title='bbox 758 871 865 913; x_wconf 91' lang='lat' dir='ltr'>LIB.</span> <span class='ocrx_word' id='word_1_5' title='bbox 897 871 929 913; x_wconf 93' lang='lat' dir='ltr'><strong>I.</strong></span> 
     </span>
    </p>
   </div>
   <div class='ocr_carea' id='block_1_3' title="bbox 822 1111 860 1157">
    <p class='ocr_par' dir='ltr' id='par_1_3' title="bbox 822 1111 860 1157">
     <span class='ocr_line' id='line_1_3' title="bbox 822 1111 860 1157; baseline -0.026 0"><span class='ocrx_word' id='word_1_6' title='bbox 822 1111 860 1157; x_wconf 93' lang='lat' dir='ltr'><strong>I.</strong></span> 
     </span>
    </p>
   </div>
   <div class='ocr_carea' id='block_1_4' title="bbox 144 1220 1401 1992">
    <p class='ocr_par' dir='ltr' id='par_1_4' title="bbox 144 1220 1401 1992">
     <span class='ocr_line' id='line_1_4' title="bbox 205 1220 1361 1281; baseline -0.002 -13"><span class='ocrx_word' id='word_1_7' title='bbox 205 1223 394 1281; x_wconf 84' lang='lat' dir='ltr'><strong>Cynthia</strong></span> <span class='ocrx_word' id='word_1_8' title='bbox 424 1220 566 1281; x_wconf 77' lang='lat' dir='ltr'><strong>priina</strong></span> <span class='ocrx_word' id='word_1_9' title='bbox 597 1226 686 1268; x_wconf 88' lang='lat' dir='ltr'><strong>suis</strong></span> <span class='ocrx_word' id='word_1_10' title='bbox 717 1226 922 1268; x_wconf 85' lang='lat' dir='ltr'><strong>miserum</strong></span> <span class='ocrx_word' id='word_1_11' title='bbox 953 1240 1022 1268; x_wconf 91' lang='lat' dir='ltr'><strong>me</strong></span> <span class='ocrx_word' id='word_1_12' title='bbox 1053 1225 1167 1280; x_wconf 99' lang='lat' dir='ltr'><strong>cepit</strong></span> <span class='ocrx_word' id='word_1_13' title='bbox 1197 1225 1361 1278; x_wconf 86' lang='lat' dir='ltr'>ocellis,</span> 
     </span>
     <span class='ocr_line' id='line_1_5' title="bbox 261 1294 1130 1352; baseline -0.001 -13"><span class='ocrx_word' id='word_1_14' title='bbox 261 1294 521 1339; x_wconf 74' lang='lat' dir='ltr'><strong>contactum</strong></span> <span class='ocrx_word' id='word_1_15' title='bbox 551 1297 682 1339; x_wconf 88' lang='lat' dir='ltr'><strong>nullis</strong></span> <span class='ocrx_word' id='word_1_16' title='bbox 715 1299 815 1339; x_wconf 83' lang='lat' dir='ltr'><strong>ante</strong></span> <span class='ocrx_word' id='word_1_17' title='bbox 841 1297 1130 1352; x_wconf 74' lang='lat' dir='ltr'><strong>cupidinibus.</strong></span> 
     </span>
     <span class='ocr_line' id='line_1_6' title="bbox 202 1363 1271 1411; baseline -0.001 -1"><span class='ocrx_word' id='word_1_18' title='bbox 202 1367 314 1410; x_wconf 87' lang='lat' dir='ltr'><strong>Tum</strong></span> <span class='ocrx_word' id='word_1_19' title='bbox 345 1367 452 1410; x_wconf 90' lang='lat' dir='ltr'><strong>mihi</strong></span> <span class='ocrx_word' id='word_1_20' title='bbox 483 1368 722 1411; x_wconf 84' lang='lat' dir='ltr'><strong>constantis</strong></span> <span class='ocrx_word' id='word_1_21' title='bbox 753 1363 909 1411; x_wconf 86' lang='lat' dir='ltr'><strong>deiecit</strong></span> <span class='ocrx_word' id='word_1_22' title='bbox 938 1368 1102 1410; x_wconf 86' lang='lat' dir='ltr'><strong>lumina</strong></span> <span class='ocrx_word' id='word_1_23' title='bbox 1132 1367 1271 1410; x_wconf 88' lang='lat' dir='ltr'><strong>fastus</strong></span> 
     </span>
     <span class='ocr_line' id='line_1_7' title="bbox 259 1437 1301 1495; baseline -0.001 -14"><span class='ocrx_word' id='word_1_24' title='bbox 259 1437 320 1481; x_wconf 86' lang='lat' dir='ltr'><strong>Et</strong></span> <span class='ocrx_word' id='word_1_25' title='bbox 349 1441 480 1493; x_wconf 85' lang='lat' dir='ltr'><strong>caput</strong></span> <span class='ocrx_word' id='word_1_26' title='bbox 508 1439 711 1494; x_wconf 76' lang='lat' dir='ltr'><strong>inpositis</strong></span> <span class='ocrx_word' id='word_1_27' title='bbox 741 1440 903 1495; x_wconf 88' lang='lat' dir='ltr'><strong>pressit</strong></span> <span class='ocrx_word' id='word_1_28' title='bbox 927 1439 1068 1482; x_wconf 89' lang='lat' dir='ltr'><strong>Amor</strong></span> <span class='ocrx_word' id='word_1_29' title='bbox 1098 1439 1301 1495; x_wconf 80' lang='lat' dir='ltr'><strong>pedibuS‚</strong></span> 
     </span>
     <span class='ocr_line' id='line_1_8' title="bbox 167 1508 1165 1566; baseline 0.003 -16"><span class='ocrx_word' id='word_1_30' title='bbox 167 1508 350 1552; x_wconf 86' lang='lat' dir='ltr'><strong>5Donec</strong></span> <span class='ocrx_word' id='word_1_31' title='bbox 379 1524 447 1551; x_wconf 90' lang='lat' dir='ltr'><strong>me</strong></span> <span class='ocrx_word' id='word_1_32' title='bbox 480 1509 625 1552; x_wconf 82' lang='lat' dir='ltr'><strong>docuit</strong></span> <span class='ocrx_word' id='word_1_33' title='bbox 655 1511 970 1553; x_wconf 71' lang='lat' dir='ltr'><strong>castasodisse</strong></span> <span class='ocrx_word' id='word_1_34' title='bbox 1000 1512 1165 1566; x_wconf 82' lang='lat' dir='ltr'><strong>puellas</strong></span> 
     </span>
     <span class='ocr_line' id='line_1_9' title="bbox 259 1579 1117 1635; baseline 0.003 -14"><span class='ocrx_word' id='word_1_35' title='bbox 259 1579 490 1635; x_wconf 88' lang='lat' dir='ltr'><strong>Improbus</strong></span> <span class='ocrx_word' id='word_1_36' title='bbox 522 1583 565 1623; x_wconf 91' lang='lat' dir='ltr'><strong>et</strong></span> <span class='ocrx_word' id='word_1_37' title='bbox 594 1582 712 1623; x_wconf 89' lang='lat' dir='ltr'><strong>nullo</strong></span> <span class='ocrx_word' id='word_1_38' title='bbox 743 1581 889 1624; x_wconf 90' lang='lat' dir='ltr'><strong>uiuere</strong></span> <span class='ocrx_word' id='word_1_39' title='bbox 922 1582 1117 1624; x_wconf 89' lang='lat' dir='ltr'><strong>consilio.</strong></span> 
     </span>
     <span class='ocr_line' id='line_1_10' title="bbox 200 1650 1349 1702; baseline 0.003 -11"><span class='ocrx_word' id='word_1_40' title='bbox 200 1650 262 1692; x_wconf 87' lang='lat' dir='ltr'><strong>Et</strong></span> <span class='ocrx_word' id='word_1_41' title='bbox 290 1650 397 1692; x_wconf 88' lang='lat' dir='ltr'><strong>mihi</strong></span> <span class='ocrx_word' id='word_1_42' title='bbox 427 1651 516 1692; x_wconf 85' lang='lat' dir='ltr'><strong>iam</strong></span> <span class='ocrx_word' id='word_1_43' title='bbox 546 1653 639 1694; x_wconf 89' lang='lat' dir='ltr'><strong>toto</strong></span> <span class='ocrx_word' id='word_1_44' title='bbox 672 1651 790 1694; x_wconf 88' lang='lat' dir='ltr'><strong>furor</strong></span> <span class='ocrx_word' id='word_1_45' title='bbox 819 1652 890 1694; x_wconf 90' lang='lat' dir='ltr'><strong>hic</strong></span> <span class='ocrx_word' id='word_1_46' title='bbox 920 1667 1008 1694; x_wconf 89' lang='lat' dir='ltr'><strong>non</strong></span> <span class='ocrx_word' id='word_1_47' title='bbox 1038 1652 1183 1694; x_wconf 86' lang='lat' dir='ltr'><strong>deficit</strong></span> <span class='ocrx_word' id='word_1_48' title='bbox 1214 1667 1349 1702; x_wconf 87' lang='lat' dir='ltr'><strong>anno,</strong></span> 
     </span>
     <span class='ocr_line' id='line_1_11' title="bbox 260 1720 1277 1779; baseline 0.003 -17"><span class='ocrx_word' id='word_1_49' title='bbox 260 1720 368 1763; x_wconf 80' lang='lat' dir='ltr'><strong>Cum</strong></span> <span class='ocrx_word' id='word_1_50' title='bbox 399 1723 545 1763; x_wconf 73' lang='lat' dir='ltr'><strong>tamen</strong></span> <span class='ocrx_word' id='word_1_51' title='bbox 577 1722 781 1764; x_wconf 85' lang='lat' dir='ltr'><strong>aduersos</strong></span> <span class='ocrx_word' id='word_1_52' title='bbox 812 1737 944 1779; x_wconf 86' lang='lat' dir='ltr'><strong>cogor</strong></span> <span class='ocrx_word' id='word_1_53' title='bbox 974 1723 1132 1765; x_wconf 84' lang='lat' dir='ltr'><strong>habere</strong></span> <span class='ocrx_word' id='word_1_54' title='bbox 1163 1723 1277 1767; x_wconf 85' lang='lat' dir='ltr'><strong>deos.</strong></span> 
     </span>
     <span class='ocr_line' id='line_1_12' title="bbox 201 1791 1211 1849; baseline 0.003 -16"><span class='ocrx_word' id='word_1_55' title='bbox 201 1791 412 1834; x_wconf 83' lang='lat' dir='ltr'>Milanion</span> <span class='ocrx_word' id='word_1_56' title='bbox 442 1792 586 1835; x_wconf 86' lang='lat' dir='ltr'><strong>nullos</strong></span> <span class='ocrx_word' id='word_1_57' title='bbox 615 1793 838 1849; x_wconf 84' lang='lat' dir='ltr'><strong>fugiendo,</strong></span> <span class='ocrx_word' id='word_1_58' title='bbox 868 1793 1010 1849; x_wconf 84' lang='lat' dir='ltr'>Tulle,</span> <span class='ocrx_word' id='word_1_59' title='bbox 1040 1795 1211 1837; x_wconf 84' lang='lat' dir='ltr'><strong>labores</strong></span> 
     </span>
     <span class='ocr_line' id='line_1_13' title="bbox 144 1861 1099 1908; baseline 0.004 -4"><span class='ocrx_word' id='word_1_60' title='bbox 144 1873 189 1906; x_wconf 88' lang='lat'><strong>10</strong></span> <span class='ocrx_word' id='word_1_61' title='bbox 261 1861 496 1905; x_wconf 88' lang='lat' dir='ltr'><strong>Saeuitiam</strong></span> <span class='ocrx_word' id='word_1_62' title='bbox 528 1863 658 1906; x_wconf 84' lang='lat' dir='ltr'><strong>durae</strong></span> <span class='ocrx_word' id='word_1_63' title='bbox 690 1865 890 1906; x_wconf 89' lang='lat' dir='ltr'><strong>contudit</strong></span> <span class='ocrx_word' id='word_1_64' title='bbox 919 1864 1099 1908; x_wconf 85' lang='lat' dir='ltr'>Iasidos.</span> 
     </span>
     <span class='ocr_line' id='line_1_14' title="bbox 202 1933 1401 1992; baseline 0.002 -15"><span class='ocrx_word' id='word_1_65' title='bbox 202 1933 317 1977; x_wconf 80' lang='lat' dir='ltr'><strong>Nam</strong></span> <span class='ocrx_word' id='word_1_66' title='bbox 347 1933 475 1976; x_wconf 90' lang='lat' dir='ltr'><strong>modo</strong></span> <span class='ocrx_word' id='word_1_67' title='bbox 506 1934 751 1978; x_wconf 87' lang='lat' dir='ltr'><strong>Partheniis</strong></span> <span class='ocrx_word' id='word_1_68' title='bbox 785 1950 932 1978; x_wconf 85' lang='lat' dir='ltr'><strong>amens</strong></span> <span class='ocrx_word' id='word_1_69' title='bbox 963 1937 1137 1979; x_wconf 86' lang='lat' dir='ltr'><strong>errabat</strong></span> <span class='ocrx_word' id='word_1_70' title='bbox 1168 1937 1214 1979; x_wconf 92' lang='grc'><strong>111</strong></span> <span class='ocrx_word' id='word_1_71' title='bbox 1245 1937 1401 1992; x_wconf 79' lang='lat' dir='ltr'><strong>antris,</strong></span> 
     </span>
    </p>
   </div>
   <div class='ocr_carea' id='block_1_5' title="bbox 82 2052 365 2059">
    <p class='ocr_par' dir='ltr' id='par_1_5' title="bbox 82 2052 365 2059">
     <span class='ocr_line' id='line_1_15' title="bbox 82 2052 365 2059; baseline 0 0"><span class='ocrx_word' id='word_1_72' title='bbox 82 2052 365 2059; x_wconf 95' lang='lat' dir='ltr'><strong> </strong></span> 
     </span>
    </p>
   </div>
   <div class='ocr_carea' id='block_1_6' title="bbox 55 2119 1609 2926">
    <p class='ocr_par' dir='ltr' id='par_1_6' title="bbox 55 2119 1609 2926">
     <span class='ocr_line' id='line_1_16' title="bbox 174 2119 1606 2170; baseline 0.005 -16"><span class='ocrx_word' id='word_1_73' title='bbox 174 2119 360 2155; x_wconf 59' lang='lat' dir='ltr'><strong>Vinum-as</strong></span> <span class='ocrx_word' id='word_1_74' title='bbox 385 2133 581 2157; x_wconf 73' lang='lat' dir='ltr'><strong>an&#39;noms.</strong></span> <span class='ocrx_word' id='word_1_75' title='bbox 630 2122 767 2168; x_wconf 88' lang='lat' dir='ltr'><strong>Incipit</strong></span> <span class='ocrx_word' id='word_1_76' title='bbox 796 2123 1031 2159; x_wconf 82' lang='lat' dir='ltr'><strong>monobiblos</strong></span> <span class='ocrx_word' id='word_1_77' title='bbox 1055 2124 1238 2170; x_wconf 86' lang='lat' dir='ltr'><strong>propertii</strong></span> <span class='ocrx_word' id='word_1_78' title='bbox 1262 2124 1396 2160; x_wconf 85' lang='lat' dir='ltr'><strong>aurelii</strong></span> <span class='ocrx_word' id='word_1_79' title='bbox 1420 2128 1533 2162; x_wconf 85' lang='lat' dir='ltr'><strong>naute</strong></span> <span class='ocrx_word' id='word_1_80' title='bbox 1559 2126 1606 2162; x_wconf 82' lang='lat' dir='ltr'><strong>ad</strong></span> 
     </span>
     <span class='ocr_line' id='line_1_17' title="bbox 55 2179 1609 2231; baseline 0.004 -17"><span class='ocrx_word' id='word_1_81' title='bbox 55 2218 58 2220; x_wconf 62' lang='grc'>,</span> <span class='ocrx_word' id='word_1_82' title='bbox 82 2179 218 2215; x_wconf 84' lang='lat' dir='ltr'><strong>tullum</strong></span> <span class='ocrx_word' id='word_1_83' title='bbox 242 2183 314 2214; x_wconf 73' lang='lat' dir='ltr'><strong>Ar</strong></span> <span class='ocrx_word' id='word_1_84' title='bbox 338 2181 405 2216; x_wconf 76' lang='lat' dir='ltr'><strong>litt.</strong></span> <span class='ocrx_word' id='word_1_85' title='bbox 431 2181 532 2217; x_wconf 75' lang='lat' dir='ltr'><strong>rubr.</strong></span> <span class='ocrx_word' id='word_1_86' title='bbox 558 2180 747 2227; x_wconf 80' lang='lat' dir='ltr'><strong>Propertii</strong></span> <span class='ocrx_word' id='word_1_87' title='bbox 772 2182 905 2218; x_wconf 84' lang='lat' dir='ltr'><strong>atu-elii</strong></span> <span class='ocrx_word' id='word_1_88' title='bbox 923 2184 1061 2219; x_wconf 79' lang='lat' dir='ltr'><strong>nautae</strong></span> <span class='ocrx_word' id='word_1_89' title='bbox 1079 2183 1203 2219; x_wconf 88' lang='lat' dir='ltr'><strong>umbri</strong></span> <span class='ocrx_word' id='word_1_90' title='bbox 1221 2184 1456 2220; x_wconf 87' lang='lat' dir='ltr'><strong>monobiblos</strong></span> <span class='ocrx_word' id='word_1_91' title='bbox 1475 2185 1609 2231; x_wconf 80' lang='lat' dir='ltr'><strong>incipit</strong></span> 
     </span>
     <span class='ocr_line' id='line_1_18' title="bbox 82 2238 1608 2295; baseline 0.004 -21"><span class='ocrx_word' id='word_1_92' title='bbox 82 2238 132 2274; x_wconf 75' lang='lat' dir='ltr'><strong>ad</strong></span> <span class='ocrx_word' id='word_1_93' title='bbox 152 2238 291 2275; x_wconf 83' lang='lat' dir='ltr'><strong>tullum</strong></span> <span class='ocrx_word' id='word_1_94' title='bbox 314 2239 383 2274; x_wconf 81' lang='lat' dir='ltr'><strong>litt.</strong></span> <span class='ocrx_word' id='word_1_95' title='bbox 408 2240 558 2276; x_wconf 78' lang='lat' dir='ltr'><strong>maiusc.</strong></span> <span class='ocrx_word' id='word_1_96' title='bbox 585 2241 814 2295; x_wconf 55' lang='lat' dir='ltr'><strong>diuers-erun}</strong></span> <span class='ocrx_word' id='word_1_97' title='bbox 837 2242 996 2278; x_wconf 82' lang='lat' dir='ltr'><strong>colorum</strong></span> <span class='ocrx_word' id='word_1_98' title='bbox 1019 2245 1050 2276; x_wconf 99' lang='lat' dir='ltr'><strong>V</strong></span> <span class='ocrx_word' id='word_1_99' title='bbox 1080 2243 1135 2278; x_wconf 83' lang='lat' dir='ltr'><strong>ita</strong></span> <span class='ocrx_word' id='word_1_100' title='bbox 1166 2246 1207 2278; x_wconf 85' lang='lat' dir='ltr'><strong>ut</strong></span> <span class='ocrx_word' id='word_1_101' title='bbox 1237 2245 1436 2279; x_wconf 77' lang='lat' dir='ltr'><strong>nonnullae</strong></span> <span class='ocrx_word' id='word_1_102' title='bbox 1467 2245 1608 2280; x_wconf 82' lang='lat' dir='ltr'><strong>litterae</strong></span> 
     </span>
     <span class='ocr_line' id='line_1_19' title="bbox 80 2298 1606 2347; baseline 0.004 -14"><span class='ocrx_word' id='word_1_103' title='bbox 80 2298 307 2334; x_wconf 70' lang='lat' dir='ltr'><strong>rubricatori</strong></span> <span class='ocrx_word' id='word_1_104' title='bbox 338 2298 526 2334; x_wconf 77' lang='lat' dir='ltr'><strong>addendae</strong></span> <span class='ocrx_word' id='word_1_105' title='bbox 554 2299 630 2334; x_wconf 75' lang='lat' dir='ltr'><strong>sint</strong></span> <span class='ocrx_word' id='word_1_106' title='bbox 659 2300 821 2344; x_wconf 76' lang='lat' dir='ltr'><strong>relictae3</strong></span> <span class='ocrx_word' id='word_1_107' title='bbox 852 2300 991 2346; x_wconf 88' lang='lat' dir='ltr'><strong>Incipit</strong></span> <span class='ocrx_word' id='word_1_108' title='bbox 1020 2301 1230 2347; x_wconf 80' lang='lat' dir='ltr'><strong>propertius</strong></span> <span class='ocrx_word' id='word_1_109' title='bbox 1254 2305 1286 2336; x_wconf 68' lang='grc' dir='ltr'><strong><em>Π</em></strong></span> <span class='ocrx_word' id='word_1_110' title='bbox 1310 2314 1355 2338; x_wconf 85' lang='lat' dir='ltr'><strong>m.</strong></span> <span class='ocrx_word' id='word_1_111' title='bbox 1382 2306 1428 2346; x_wconf 69' lang='lat'><strong>25</strong></span> <span class='ocrx_word' id='word_1_112' title='bbox 1459 2304 1503 2338; x_wconf 86' lang='lat' dir='ltr'><strong>de</strong></span> <span class='ocrx_word' id='word_1_113' title='bbox 1532 2303 1606 2339; x_wconf 87' lang='lat' dir='ltr'><strong>Au-</strong></span> 
     </span>
     <span class='ocr_line' id='line_1_20' title="bbox 82 2356 1606 2407; baseline 0.003 -15"><span class='ocrx_word' id='word_1_114' title='bbox 82 2356 168 2392; x_wconf 87' lang='lat' dir='ltr'><strong>relii</strong></span> <span class='ocrx_word' id='word_1_115' title='bbox 191 2357 352 2402; x_wconf 84' lang='lat' dir='ltr'><strong>nomine,</strong></span> <span class='ocrx_word' id='word_1_116' title='bbox 371 2360 566 2403; x_wconf 78' lang='lat' dir='ltr'><strong>postquam</strong></span> <span class='ocrx_word' id='word_1_117' title='bbox 590 2359 666 2394; x_wconf 85' lang='lat' dir='ltr'><strong>iam</strong></span> <span class='ocrx_word' id='word_1_118' title='bbox 687 2358 904 2395; x_wconf 73' lang='lat' dir='ltr'><strong>Perizonius</strong></span> <span class='ocrx_word' id='word_1_119' title='bbox 927 2361 969 2395; x_wconf 82' lang='lat' dir='ltr'><strong>in</strong></span> <span class='ocrx_word' id='word_1_120' title='bbox 992 2360 1208 2396; x_wconf 81' lang='lat' dir='ltr'><strong>Burmanni</strong></span> <span class='ocrx_word' id='word_1_121' title='bbox 1231 2362 1311 2407; x_wconf 79' lang='lat' dir='ltr'><strong>syll.</strong></span> <span class='ocrx_word' id='word_1_122' title='bbox 1338 2362 1438 2406; x_wconf 82' lang='lat' dir='ltr'><strong>epist.</strong></span> <span class='ocrx_word' id='word_1_123' title='bbox 1465 2362 1517 2396; x_wconf 89' lang='lat' dir='ltr'><strong>IV</strong></span> <span class='ocrx_word' id='word_1_124' title='bbox 1538 2367 1606 2398; x_wconf 82' lang='grc'><strong>774</strong></span> 
     </span>
     <span class='ocr_line' id='line_1_21' title="bbox 82 2415 1607 2466; baseline 0.002 -14"><span class='ocrx_word' id='word_1_125' title='bbox 82 2415 288 2461; x_wconf 79' lang='lat' dir='ltr'><strong>dubitauit,</strong></span> <span class='ocrx_word' id='word_1_126' title='bbox 323 2416 495 2451; x_wconf 80' lang='lat' dir='ltr'><strong>disseruit</strong></span> <span class='ocrx_word' id='word_1_127' title='bbox 521 2416 578 2453; x_wconf 85' lang='lat' dir='ltr'><strong>M.</strong></span> <span class='ocrx_word' id='word_1_128' title='bbox 604 2417 798 2462; x_wconf 79' lang='lat' dir='ltr'><strong>Hauptius</strong></span> <span class='ocrx_word' id='word_1_129' title='bbox 821 2429 942 2464; x_wconf 78' lang='lat' dir='ltr'><strong>opusc.</strong></span> <span class='ocrx_word' id='word_1_130' title='bbox 968 2419 984 2453; x_wconf 97' lang='lat' dir='ltr'>I</span> <span class='ocrx_word' id='word_1_131' title='bbox 1010 2423 1080 2455; x_wconf 84' lang='lat'><strong>280</strong></span> <span class='ocrx_word' id='word_1_132' title='bbox 1098 2430 1171 2465; x_wconf 78' lang='lat' dir='ltr'><strong>sqq.</strong></span> <span class='ocrx_word' id='word_1_133' title='bbox 1208 2421 1221 2465; x_wconf 74' lang='lat' dir='ltr'>n</span> <span class='ocrx_word' id='word_1_134' title='bbox 1256 2420 1283 2455; x_wconf 97' lang='lat' dir='ltr'><strong>I.</strong></span> <span class='ocrx_word' id='word_1_135' title='bbox 1327 2420 1461 2465; x_wconf 80' lang='lat' dir='ltr'><strong>heroys</strong></span> <span class='ocrx_word' id='word_1_136' title='bbox 1486 2421 1607 2466; x_wconf 81' lang='lat' dir='ltr'><strong>prima</strong></span> 
     </span>
     <span class='ocr_line' id='line_1_22' title="bbox 81 2475 1605 2525; baseline 0.004 -16"><span class='ocrx_word' id='word_1_137' title='bbox 81 2477 111 2508; x_wconf 71' lang='lat'><strong>1²</strong></span> <span class='ocrx_word' id='word_1_138' title='bbox 128 2475 197 2510; x_wconf 76' lang='lat' dir='ltr'><strong>litt.</strong></span> <span class='ocrx_word' id='word_1_139' title='bbox 216 2475 337 2520; x_wconf 63' lang='lat' dir='ltr'><strong>rubr„</strong></span> <span class='ocrx_word' id='word_1_140' title='bbox 362 2478 392 2509; x_wconf 81' lang='grc' dir='ltr'><strong>Δ</strong></span> <span class='ocrx_word' id='word_1_141' title='bbox 416 2487 461 2511; x_wconf 83' lang='lat' dir='ltr'><strong>m.</strong></span> <span class='ocrx_word' id='word_1_142' title='bbox 487 2478 513 2511; x_wconf 83' lang='lat'><strong><em>2</em></strong></span> <span class='ocrx_word' id='word_1_143' title='bbox 531 2487 600 2522; x_wconf 74' lang='lat' dir='ltr'><strong>my.</strong></span> <span class='ocrx_word' id='word_1_144' title='bbox 637 2478 650 2522; x_wconf 85' lang='grc' dir='ltr'><strong>ΙΙ</strong></span> <span class='ocrx_word' id='word_1_145' title='bbox 688 2481 706 2512; x_wconf 87' lang='grc'><strong>1</strong></span> <span class='ocrx_word' id='word_1_146' title='bbox 745 2477 860 2524; x_wconf 88' lang='lat' dir='ltr'><strong>cepit]</strong></span> <span class='ocrx_word' id='word_1_147' title='bbox 894 2478 984 2514; x_wconf 89' lang='lat' dir='ltr'><strong>fecit</strong></span> <span class='ocrx_word' id='word_1_148' title='bbox 1008 2481 1078 2512; x_wconf 77' lang='lat' dir='ltr'><strong>Ar</strong></span> <span class='ocrx_word' id='word_1_149' title='bbox 1104 2480 1159 2524; x_wconf 87' lang='lat' dir='ltr'><strong>(in</strong></span> <span class='ocrx_word' id='word_1_150' title='bbox 1183 2480 1248 2515; x_wconf 75' lang='lat' dir='ltr'><strong>hoe</strong></span> <span class='ocrx_word' id='word_1_151' title='bbox 1267 2490 1358 2515; x_wconf 84' lang='lat' dir='ltr'><strong>corr.</strong></span> <span class='ocrx_word' id='word_1_152' title='bbox 1374 2491 1443 2525; x_wconf 76' lang='lat' dir='ltr'><strong>my.</strong></span> <span class='ocrx_word' id='word_1_153' title='bbox 1463 2492 1508 2516; x_wconf 84' lang='lat' dir='ltr'><strong>m.</strong></span> <span class='ocrx_word' id='word_1_154' title='bbox 1529 2485 1569 2525; x_wconf 76' lang='lat'><strong>2)</strong></span> <span class='ocrx_word' id='word_1_155' title='bbox 1595 2485 1605 2524; x_wconf 51' lang='grc' dir='ltr'><strong>ξ,</strong></span> 
     </span>
     <span class='ocr_line' id='line_1_23' title="bbox 82 2532 1605 2585; baseline 0.005 -17"><span class='ocrx_word' id='word_1_156' title='bbox 82 2535 106 2567; x_wconf 75' lang='lat'><strong>3</strong></span> <span class='ocrx_word' id='word_1_157' title='bbox 129 2532 233 2568; x_wconf 85' lang='lat' dir='ltr'><strong>Tunc</strong></span> <span class='ocrx_word' id='word_1_158' title='bbox 257 2536 328 2567; x_wconf 74' lang='lat' dir='ltr'><strong>Ar</strong></span> <span class='ocrx_word' id='word_1_159' title='bbox 349 2536 355 2578; x_wconf 85' lang='grc' dir='ltr'>Ι</span> <span class='ocrx_word' id='word_1_160' title='bbox 375 2545 435 2569; x_wconf 89' lang='lat' dir='ltr'><strong>me</strong></span> <span class='ocrx_word' id='word_1_161' title='bbox 461 2545 492 2571; x_wconf 82' lang='lat' dir='ltr'><strong>c,</strong></span> <span class='ocrx_word' id='word_1_162' title='bbox 518 2534 552 2569; x_wconf 87' lang='lat' dir='ltr'><strong>d.</strong></span> <span class='ocrx_word' id='word_1_163' title='bbox 579 2534 741 2575; x_wconf 80' lang='lat' dir='ltr'><strong>culmine</strong></span> <span class='ocrx_word' id='word_1_164' title='bbox 763 2536 882 2572; x_wconf 77' lang='lat' dir='ltr'><strong>fastus</strong></span> <span class='ocrx_word' id='word_1_165' title='bbox 907 2536 1129 2573; x_wconf 80' lang='lat' dir='ltr'><strong>Fonteinius</strong></span> <span class='ocrx_word' id='word_1_166' title='bbox 1156 2538 1168 2582; x_wconf 89' lang='grc' dir='ltr'><strong>ΙΙ</strong></span> <span class='ocrx_word' id='word_1_167' title='bbox 1203 2541 1226 2572; x_wconf 85' lang='grc'>4</span> <span class='ocrx_word' id='word_1_168' title='bbox 1251 2538 1372 2583; x_wconf 84' lang='lat' dir='ltr'><strong>capud</strong></span> <span class='ocrx_word' id='word_1_169' title='bbox 1396 2541 1427 2572; x_wconf 82' lang='grc' dir='ltr'><strong>Δ</strong></span> <span class='ocrx_word' id='word_1_170' title='bbox 1448 2542 1453 2585; x_wconf 74' lang='lat'>1</span> <span class='ocrx_word' id='word_1_171' title='bbox 1475 2539 1605 2585; x_wconf 87' lang='lat' dir='ltr'><strong>impos.</strong></span> 
     </span>
     <span class='ocr_line' id='line_1_24' title="bbox 81 2592 1605 2641; baseline 0.006 -15"><span class='ocrx_word' id='word_1_172' title='bbox 81 2593 153 2626; x_wconf 74' lang='lat' dir='ltr'><strong>An</strong></span> <span class='ocrx_word' id='word_1_173' title='bbox 166 2596 196 2627; x_wconf 87' lang='lat' dir='ltr'><strong>V</strong></span> <span class='ocrx_word' id='word_1_174' title='bbox 212 2592 226 2636; x_wconf 86' lang='grc' dir='ltr'>Ι</span> <span class='ocrx_word' id='word_1_175' title='bbox 249 2595 271 2626; x_wconf 83' lang='grc'>5</span> <span class='ocrx_word' id='word_1_176' title='bbox 297 2594 418 2629; x_wconf 80' lang='lat' dir='ltr'><strong>castas</strong></span> <span class='ocrx_word' id='word_1_177' title='bbox 443 2593 571 2629; x_wconf 86' lang='lat' dir='ltr'><strong>docuit</strong></span> <span class='ocrx_word' id='word_1_178' title='bbox 589 2596 619 2627; x_wconf 95' lang='lat' dir='ltr'><strong>V</strong></span> <span class='ocrx_word' id='word_1_179' title='bbox 644 2595 749 2638; x_wconf 82' lang='lat' dir='ltr'><strong>(corr.</strong></span> <span class='ocrx_word' id='word_1_180' title='bbox 768 2606 813 2631; x_wconf 89' lang='lat' dir='ltr'><strong>m.</strong></span> <span class='ocrx_word' id='word_1_181' title='bbox 834 2598 892 2641; x_wconf 82' lang='lat'><strong>2);</strong></span> <span class='ocrx_word' id='word_1_182' title='bbox 917 2597 961 2632; x_wconf 83' lang='lat' dir='ltr'><strong>de</strong></span> <span class='ocrx_word' id='word_1_183' title='bbox 978 2607 1064 2633; x_wconf 88' lang='lat' dir='ltr'><strong>uoce</strong></span> <span class='ocrx_word' id='word_1_184' title='bbox 1083 2598 1203 2633; x_wconf 83' lang='lat' dir='ltr'><strong>castas</strong></span> <span class='ocrx_word' id='word_1_185' title='bbox 1221 2597 1375 2641; x_wconf 77' lang='lat' dir='ltr'><strong>fortasse</strong></span> <span class='ocrx_word' id='word_1_186' title='bbox 1394 2599 1433 2633; x_wconf 83' lang='lat' dir='ltr'><strong>in</strong></span> <span class='ocrx_word' id='word_1_187' title='bbox 1454 2600 1605 2635; x_wconf 80' lang='lat' dir='ltr'><strong>cunctas</strong></span> 
     </span>
     <span class='ocr_line' id='line_1_25' title="bbox 81 2650 1605 2702; baseline 0.004 -16"><span class='ocrx_word' id='word_1_188' title='bbox 81 2660 163 2686; x_wconf 73' lang='lat' dir='ltr'><strong>cum</strong></span> <span class='ocrx_word' id='word_1_189' title='bbox 179 2650 378 2687; x_wconf 83' lang='lat' dir='ltr'><strong>Fonteinio</strong></span> <span class='ocrx_word' id='word_1_190' title='bbox 394 2653 575 2688; x_wconf 83' lang='lat' dir='ltr'><strong>mutanda</strong></span> <span class='ocrx_word' id='word_1_191' title='bbox 594 2653 640 2696; x_wconf 82' lang='lat' dir='ltr'><strong>cf.</strong></span> <span class='ocrx_word' id='word_1_192' title='bbox 657 2653 820 2700; x_wconf 73' lang='lat' dir='ltr'><strong>Proleyy.</strong></span> <span class='ocrx_word' id='word_1_193' title='bbox 839 2655 852 2700; x_wconf 80' lang='grc' dir='ltr'><strong>ΙΙ</strong></span> <span class='ocrx_word' id='word_1_194' title='bbox 871 2659 891 2691; x_wconf 86' lang='grc'><strong>7</strong></span> <span class='ocrx_word' id='word_1_195' title='bbox 911 2656 992 2691; x_wconf 83' lang='lat' dir='ltr'><strong>toto</strong></span> <span class='ocrx_word' id='word_1_196' title='bbox 1015 2676 1058 2682; x_wconf 88' lang='lat'><strong>——</strong></span> <span class='ocrx_word' id='word_1_197' title='bbox 1078 2666 1176 2692; x_wconf 89' lang='grc'><strong>311110</strong></span> <span class='ocrx_word' id='word_1_198' title='bbox 1201 2660 1229 2690; x_wconf 77' lang='lat' dir='ltr'>r</span> <span class='ocrx_word' id='word_1_199' title='bbox 1246 2659 1278 2690; x_wconf 73' lang='lat' dir='ltr'><strong>R</strong></span> <span class='ocrx_word' id='word_1_200' title='bbox 1304 2658 1348 2701; x_wconf 93' lang='lat' dir='ltr'><strong>(V</strong></span> <span class='ocrx_word' id='word_1_201' title='bbox 1366 2668 1410 2692; x_wconf 89' lang='lat' dir='ltr'><strong>m.</strong></span> <span class='ocrx_word' id='word_1_202' title='bbox 1430 2660 1487 2702; x_wconf 76' lang='lat'><strong>2):</strong></span> <span class='ocrx_word' id='word_1_203' title='bbox 1515 2658 1605 2694; x_wconf 85' lang='lat' dir='ltr'><strong>tot-is</strong></span> 
     </span>
     <span class='ocr_line' id='line_1_26' title="bbox 83 2709 1603 2760; baseline 0.005 -16"><span class='ocrx_word' id='word_1_204' title='bbox 83 2729 128 2734; x_wconf 89' lang='lat'>—</span> <span class='ocrx_word' id='word_1_205' title='bbox 147 2709 253 2745; x_wconf 76' lang='lat' dir='ltr'><strong>annis</strong></span> <span class='ocrx_word' id='word_1_206' title='bbox 270 2713 301 2743; x_wconf 92' lang='lat' dir='ltr'><strong>V</strong></span> <span class='ocrx_word' id='word_1_207' title='bbox 324 2711 405 2746; x_wconf 86' lang='lat' dir='ltr'><strong>toto</strong></span> <span class='ocrx_word' id='word_1_208' title='bbox 426 2731 469 2737; x_wconf 88' lang='lat'><strong>-—</strong></span> <span class='ocrx_word' id='word_1_209' title='bbox 489 2711 597 2747; x_wconf 82' lang='lat' dir='ltr'><strong>annis</strong></span> <span class='ocrx_word' id='word_1_210' title='bbox 615 2714 646 2745; x_wconf 83' lang='grc' dir='ltr'><strong>Δ</strong></span> <span class='ocrx_word' id='word_1_211' title='bbox 663 2713 677 2756; x_wconf 78' lang='lat' dir='ltr'>ss</span> <span class='ocrx_word' id='word_1_212' title='bbox 695 2716 716 2747; x_wconf 83' lang='lat'>9</span> <span class='ocrx_word' id='word_1_213' title='bbox 742 2712 920 2749; x_wconf 83' lang='lat' dir='ltr'><strong>Minalion</strong></span> <span class='ocrx_word' id='word_1_214' title='bbox 940 2717 965 2749; x_wconf 93' lang='grc'><strong>0</strong></span> <span class='ocrx_word' id='word_1_215' title='bbox 986 2714 1198 2760; x_wconf 81' lang='grc' dir='ltr'><strong>(Μ1111311011</strong></span> <span class='ocrx_word' id='word_1_216' title='bbox 1216 2719 1244 2749; x_wconf 77' lang='lat' dir='ltr'>F</span> <span class='ocrx_word' id='word_1_217' title='bbox 1267 2727 1313 2750; x_wconf 86' lang='lat' dir='ltr'><strong>m.</strong></span> <span class='ocrx_word' id='word_1_218' title='bbox 1339 2717 1365 2750; x_wconf 84' lang='lat'><strong><em>2</em></strong></span> <span class='ocrx_word' id='word_1_219' title='bbox 1390 2717 1515 2760; x_wconf 62' lang='lat' dir='ltr'><strong>comt),</strong></span> <span class='ocrx_word' id='word_1_220' title='bbox 1540 2727 1603 2751; x_wconf 87' lang='lat' dir='ltr'><strong>em.</strong></span> 
     </span>
     <span class='ocr_line' id='line_1_27' title="bbox 89 2767 1604 2822; baseline 0.003 -19"><span class='ocrx_word' id='word_1_221' title='bbox 89 2767 238 2804; x_wconf 78' lang='lat' dir='ltr'><strong>Volscus</strong></span> <span class='ocrx_word' id='word_1_222' title='bbox 259 2770 264 2813; x_wconf 95' lang='grc' dir='ltr'>Ι</span> <span class='ocrx_word' id='word_1_223' title='bbox 284 2769 389 2805; x_wconf 84' lang='grc'><strong>1111110</strong></span> <span class='ocrx_word' id='word_1_224' title='bbox 414 2773 459 2814; x_wconf 83' lang='grc' dir='ltr'><strong>Δ,</strong></span> <span class='ocrx_word' id='word_1_225' title='bbox 484 2774 511 2804; x_wconf 75' lang='lat' dir='ltr'>F</span> <span class='ocrx_word' id='word_1_226' title='bbox 535 2782 581 2807; x_wconf 84' lang='lat' dir='ltr'><strong>m.</strong></span> <span class='ocrx_word' id='word_1_227' title='bbox 607 2775 628 2805; x_wconf 90' lang='lat'><strong><em>1</em></strong></span> <span class='ocrx_word' id='word_1_228' title='bbox 653 2772 666 2815; x_wconf 78' lang='lat' dir='ltr'>fl</span> <span class='ocrx_word' id='word_1_229' title='bbox 695 2775 739 2806; x_wconf 83' lang='lat'><strong>10</strong></span> <span class='ocrx_word' id='word_1_230' title='bbox 765 2771 949 2808; x_wconf 81' lang='lat' dir='ltr'><strong>Seniciam</strong></span> <span class='ocrx_word' id='word_1_231' title='bbox 975 2778 1005 2809; x_wconf 79' lang='grc' dir='ltr'><strong>Δ</strong></span> <span class='ocrx_word' id='word_1_232' title='bbox 1022 2777 1054 2808; x_wconf 67' lang='grc' dir='ltr'><strong><em>Β</em></strong></span> <span class='ocrx_word' id='word_1_233' title='bbox 1079 2773 1265 2822; x_wconf 69' lang='lat' dir='ltr'><strong>Seniciam</strong></span> <span class='ocrx_word' id='word_1_234' title='bbox 1290 2777 1320 2807; x_wconf 95' lang='lat' dir='ltr'><strong>V</strong></span> <span class='ocrx_word' id='word_1_235' title='bbox 1347 2776 1352 2819; x_wconf 90' lang='grc' dir='ltr'>Ι</span> <span class='ocrx_word' id='word_1_236' title='bbox 1380 2775 1549 2819; x_wconf 55' lang='lat' dir='ltr'><strong>ssyasidos</strong></span> <span class='ocrx_word' id='word_1_237' title='bbox 1575 2779 1604 2808; x_wconf 84' lang='grc' dir='ltr'><strong>Δ</strong></span> 
     </span>
     <span class='ocr_line' id='line_1_28' title="bbox 82 2825 1113 2877; baseline 0.005 -15"><span class='ocrx_word' id='word_1_238' title='bbox 82 2825 232 2871; x_wconf 76' lang='lat' dir='ltr'><strong>yasidos</strong></span> <span class='ocrx_word' id='word_1_239' title='bbox 256 2828 298 2863; x_wconf 82' lang='lat' dir='ltr'><strong>in</strong></span> <span class='ocrx_word' id='word_1_240' title='bbox 321 2827 459 2864; x_wconf 84' lang='lat' dir='ltr'><strong>iasidos</strong></span> <span class='ocrx_word' id='word_1_241' title='bbox 484 2840 575 2865; x_wconf 84' lang='lat' dir='ltr'><strong>corr.</strong></span> <span class='ocrx_word' id='word_1_242' title='bbox 600 2833 632 2863; x_wconf 70' lang='grc' dir='ltr'>Π</span> <span class='ocrx_word' id='word_1_243' title='bbox 656 2829 831 2875; x_wconf 79' lang='lat' dir='ltr'><strong>hyasidos</strong></span> <span class='ocrx_word' id='word_1_244' title='bbox 855 2835 886 2865; x_wconf 95' lang='lat' dir='ltr'><strong>V</strong></span> <span class='ocrx_word' id='word_1_245' title='bbox 909 2832 1061 2877; x_wconf 77' lang='lat' dir='ltr'><strong>ysiados</strong></span> <span class='ocrx_word' id='word_1_246' title='bbox 1085 2837 1113 2867; x_wconf 76' lang='lat' dir='ltr'>r</span> 
     </span>
     <span class='ocr_line' id='line_1_29' title="bbox 155 2893 1317 2926; baseline 0.007 -8"><span class='ocrx_word' id='word_1_247' title='bbox 155 2893 366 2920; x_wconf 56' lang='lat' dir='ltr'><strong>Priorum-ms.</strong></span> <span class='ocrx_word' id='word_1_248' title='bbox 1302 2897 1317 2926; x_wconf 92' lang='lat'>1</span> 
     </span>
    </p>
   </div>
  </div>
 </body>
</html>
