1898 3190
701 153 966 190 PROPERTH
988 153 1078 190 LIB.
1106 154 1167 190 111.
1196 158 1250 189 15.
1615 154 1699 196 135

875 371 975 419 XV.

286 485 357 529 Sic
387 501 468 544 ego
499 503 587 530 non
618 489 730 531 ullos
760 489 850 531 iam
880 488 1024 530 norim
1054 488 1100 530 in
1130 501 1275 530 amore
1306 487 1534 540 tumultus,

342 557 434 601 Nec
464 559 615 601 ueniat
645 560 737 601 sine
768 561 812 601 te
844 574 928 602 nox
958 558 1181 615 uigilanda
1211 558 1337 600 mihi:

289 627 352 671 Ut
381 629 488 671 mihi
518 631 731 686 praetexti
761 630 900 686 pudor
931 632 999 672 est
1029 629 1227 671 sublatus
1259 628 1441 671 amictus

340 699 401 742 Et
430 700 533 742 data
562 701 742 743 libertas
772 715 949 744 noscere
981 700 1143 742 amoris
1174 700 1272 755 iter,

252 769 370 812 5111a
398 770 526 813 rudes
559 772 725 814 animos
756 786 834 827 per
862 774 1011 814 noctes
1044 772 1218 814 conscia
1246 771 1408 826 primas

339 840 487 884 Inbuit
517 842 602 884 11011
632 843 766 885 nullis
797 845 926 898 capta
956 842 1153 898 Lycinna
1189 842 1315 884 datis.

282 911 454 955 Tertius
485 914 601 956 haud
630 915 767 957 multo
799 915 942 957 minus
975 918 1042 957 est
1072 929 1169 956 cum
1201 914 1358 956 dicitur
1389 929 1542 956 annus:

340 982 425 1026 Vix
456 985 632 1027 memini
662 986 789 1028 nobis
821 987 955 1028 uerba
985 987 1123 1028 coisse
1155 985 1310 1027 decem.

285 1051 451 1098 Cuncta
481 1058 582 1099 tuus
613 1057 815 1111 sepeliuit
845 1071 983 1111 amor,
1014 1071 1092 1099 nec
1124 1056 1285 1098 femina
1314 1058 1415 1111 post
1445 1058 1488 1099 te

223 1135 266 1167 10
339 1124 442 1168 Ulla
473 1126 590 1169 dedit
620 1128 732 1170 collo
765 1128 905 1170 dulcia
935 1127 1077 1169 uincla
1107 1142 1215 1169 meo.

218 1206 264 1238 45
277 1195 443 1240 Fabula
473 1198 596 1240 nulla
625 1200 724 1241 tuas
755 1199 807 1241 de
838 1198 964 1240 nobis
995 1199 1163 1241 conciet
1194 1213 1337 1240 aures:

217 1276 263 1310 46
336 1266 396 1309 Te
427 1269 565 1311 solam
596 1271 640 1312 et
669 1269 801 1325 lignis
833 1269 998 1312 funeris
1029 1271 1151 1311 ustus
1184 1284 1337 1311 amem.

155 1345 162 1354 '
218 1338 340 1380 43At
368 1341 418 1381 tu
447 1354 539 1382 non
568 1341 768 1383 meritam
798 1355 950 1396 parcas
983 1355 1138 1382 uexare
1169 1339 1425 1396 Lycinnam:

216 1418 263 1450 44
334 1409 486 1453 Nescit
515 1414 662 1454 uestra
691 1426 821 1454 ruens
852 1412 918 1454 ira
947 1412 1106 1454 referre
1138 1411 1301 1466 pedem.

218 1489 259 1521 11
275 1479 418 1524 Testis
448 1483 531 1524 erit
560 1482 688 1526 Dirce
719 1485 809 1525 tam
841 1498 944 1526 uero
976 1483 1151 1525 crimine
1183 1497 1332 1538 saeua,

332 1551 523 1608 Nycteos
554 1554 775 1610 Antiopen
805 1555 1053 1597 accubuisse
1084 1553 1211 1609 Lyco.

271 1620 312 1663 A
343 1624 541 1678 quotiens
571 1625 743 1680 pulcros
775 1625 910 1667 uulsit
938 1625 1090 1682 regina
1121 1625 1322 1679 capillos,

334 1693 570 1751 Molliaque
601 1696 774 1739 inmites
805 1697 900 1739 fixit
929 1697 977 1738 in
1008 1711 1085 1739 ora
1115 1698 1287 1739 manus!

248 1892 337 1929 Vn.
364 1907 462 1929 macr.
511 1894 592 1930 XV.
647 1896 760 1932 Noua
784 1897 898 1942 ezeyia
921 1896 971 1932 ad
995 1897 1183 1942 cynthiam
1210 1897 1255 1932 de
1281 1896 1432 1943 lycinna
1458 1897 1615 1943 (licimia
1639 1903 1680 1945 F)

151 1950 195 1985 in
219 1953 245 1984 0
271 1953 286 1997 Ι
316 1955 334 1986 1
362 1952 433 1988 Hie
457 1957 489 1987 Π
512 1955 720 1990 rubricator
741 1956 747 1999 j
767 1955 864 1991 ullos
890 1957 929 2001 (u
952 1956 1107 1999 fortasse
1130 1957 1249 2001 erasa)
1274 1959 1322 2000 V,
1347 1960 1398 1992 K:
1422 1957 1546 1994 nullos
1569 1964 1598 1993 n
1618 1963 1646 1993 F

152 2013 175 2045 3
205 2011 391 2055 praetexti
414 2015 462 2047 11:
493 2015 690 2057 praetexta
714 2017 738 2048 0
763 2016 977 2060 praetextae
1003 2026 1025 2053 ς
1065 2017 1070 2059 Ι
1110 2015 1279 2051 sublatus
1306 2027 1346 2061 5,
1371 2027 1450 2062 eqo:
1483 2018 1628 2054 uelatus
1655 2022 1680 2052 0

151 2068 273 2104 elatus
297 2069 462 2116 Guyetus
492 2072 642 2108 ablatus
667 2073 847 2108 Heinsius
883 2073 1096 2109 exsinuatus
1129 2074 1330 2110 Santenius
1358 2076 1547 2112 releuatus
1578 2077 1679 2113 Fon-

150 2127 286 2164 toeniam
317 2130 324 2174 Ι
360 2129 518 2166 amictus
542 2136 571 2165 D
591 2134 638 2167 V:
665 2131 806 2167 amicus
830 2136 858 2166 r
877 2135 909 2166 Π
934 2134 978 2178 (V
1002 2144 1070 2178 my.
1095 2144 1140 2168 m.
1167 2135 1208 2178 2)
1234 2133 1375 2169 amictu
1400 2145 1423 2172 5
1452 2137 1464 2181 11
1492 2141 1515 2171 4
1540 2136 1627 2172 dare
1652 2141 1679 2171 Ε

150 2197 197 2222 m.
221 2191 242 2222 1
261 2189 276 2232 Ι
293 2191 315 2222 5
340 2189 464 2225 coscia
487 2193 535 2234 Πς
561 2190 713 2236 cognita
737 2190 964 2226 Schraderus
987 2192 1000 2236 fl
1032 2195 1053 2226 6
1078 2191 1205 2226 Inbuit
1229 2195 1277 2226 R:
1304 2193 1442 2228 Imbuit
1466 2197 1491 2228 0
1514 2196 1519 2237 Ι
1540 2194 1679 2231 licinua

150 2247 422 2292 1131ycinna
444 2251 475 2281 V
498 2250 554 2284 ita
576 2252 620 2284 ut
644 2260 664 2284 c
689 2261 733 2284 ex
758 2260 850 2284 corr.
875 2251 925 2285 sit
950 2251 964 2295 ΙΙ
993 2254 1011 2285 7
1038 2251 1138 2286 haud
1164 2254 1207 2286 0:
1233 2252 1299 2286 aut
1322 2254 1354 2285 R
1378 2252 1471 2288 haut
1494 2256 1524 2287 V
1548 2265 1596 2289 m.
1621 2254 1676 2302 ,21

150 2304 282 2340 duoiur
305 2308 349 2349 r,
375 2317 464 2342 corr.
490 2318 558 2352 my.
584 2319 629 2343 m.
655 2311 681 2343 2
701 2308 753 2352 119
780 2308 971 2354 sepelliuit
994 2313 1021 2343 r
1039 2311 1053 2355 ΙΙ
1064 2314 1149 2355 post
1175 2314 1220 2345 10
1252 2310 1410 2355 Vulpius
1434 2315 1467 2347 et
1490 2313 1677 2349 Burman·

149 2374 222 2399 nus
244 2367 291 2399 43
316 2367 350 2399 et
374 2368 421 2399 44
439 2369 659 2410 posuerunt3
685 2367 746 2402 sed
770 2378 847 2402 una
872 2378 953 2402 cum
976 2369 1034 2403 his
1058 2380 1122 2414 uu.
1147 2373 1193 2404 45
1212 2373 1245 2404 et
1264 2373 1309 2404 46
1330 2372 1560 2415 praepositos
1583 2373 1677 2407 trai-

149 2422 294 2458 ciendos
317 2434 390 2458 esse
414 2423 514 2459 Gna.
541 2423 739 2459 Fischer-us
763 2427 915 2470 aynouit
940 2428 954 2472 Ι
978 2431 1022 2462 45
1049 2427 1196 2463 conciet
1220 2433 1248 2462 1)
1268 2431 1314 2463 V:
1340 2429 1505 2466 concitet
1527 2435 1555 2464 F
1574 2435 1606 2465 Π
1631 2433 1678 2477 (et

149 2481 181 2513 V
203 2492 249 2516 m.
275 2484 316 2526 2)
333 2482 347 2527 ΙΙ
366 2485 411 2518 46
437 2482 575 2528 linguis
601 2484 676 2528 (alt.
703 2495 728 2519 n
752 2495 797 2519 ex
821 2487 928 2531 corr.)
952 2490 980 2520 1²
998 2488 1011 2532 ΙΙ
1030 2491 1074 2522 43
1100 2488 1274 2533 lyennam
1294 2492 1322 2522 Ε
1341 2490 1447 2531 (corr.
1467 2501 1535 2535 my.
1555 2501 1601 2527 m.
1621 2493 1675 2535 2),

150 2550 217 2577 om.
242 2543 275 2574 Π
298 2551 411 2586 marg.
438 2542 595 2576 abscisso
621 2544 677 2586 (ut
701 2546 734 2578 et
757 2547 803 2578 44
829 2544 930 2589 dem,
955 2549 1001 2580 45
1027 2547 1167 2590 aures);
1200 2547 1288 2581 libri
1312 2550 1340 2580 F
1363 2549 1550 2592 scriptura
1574 2551 1677 2593 fauet

150 2598 349 2635 Fonteinio
372 2600 431 2635 hic
455 2603 488 2635 et
511 2611 546 2636 u.
575 2604 596 2635 6
621 2600 792 2646 Lycaona
815 2605 1003 2648 reponenti
1020 2606 1033 2649 fl
1051 2608 1098 2640 44
1121 2604 1175 2640 ire
1200 2609 1232 2639 Β
1253 2607 1259 2650 Ι
1279 2606 1399 2642 refero
1422 2611 1450 2641 1)
1471 2608 1532 2652 Vll
1558 2609 1603 2643 ab
1632 2613 1672 2644 11

149 2668 251 2694 noua
274 2659 316 2694 in
339 2661 365 2692 0
391 2659 504 2704 0109ἰο
528 2670 609 2694 cum
634 2660 740 2695 titulo
764 2661 892 2697 fabula
918 2663 1149 2708 anthiop(a)e
1185 2665 1198 2708 fl
1236 2669 1277 2698 11
1319 2667 1400 2701 erat
1423 2666 1622 2702 Liuineius
1667 2669 1671 2713 Ι

152 2715 246 2752 duro
269 2719 297 2749 P
321 2727 366 2752 m.
392 2721 412 2751 1
441 2718 490 2762 (et
512 2720 542 2750 V
565 2729 634 2763 my.
655 2730 700 2754 m.
721 2721 761 2764 2)
783 2721 789 2765 Ι
810 2732 922 2769 scena
939 2725 969 2755 V
987 2723 1000 2766 ΙΙ
1019 2727 1063 2757 12
1088 2722 1241 2758 Nicteos
1260 2728 1288 2757 D
1308 2727 1339 2757 N
1365 2724 1509 2760 Nictios
1529 2727 1563 2769 (e
1582 2737 1626 2760 m.
1647 2730 1673 2761 2

147 2776 348 2820 suprascr.)
372 2778 400 2808 P
420 2777 427 2820 Ι
448 2777 609 2822 antepen
634 2780 662 2810 F
686 2789 730 2813 m.
756 2782 777 2814 1
802 2780 1018 2827 anthiopem
1041 2785 1070 2815 1)
1108 2786 1113 2826 Ι
1143 2781 1227 2818 1000
1251 2787 1279 2816 r
1304 2795 1348 2818 m.
1377 2788 1395 2818 1
1428 2786 1440 2828 ΙΙ
1475 2788 1515 2818 13
1542 2787 1587 2828 (et
1614 2786 1672 2829 15)

147 2832 208 2869 Ha
229 2837 258 2867 l*
282 2834 341 2869 Ah
365 2835 471 2870 ceteri
500 2835 507 2880 Ι
536 2835 684 2881 pulcros
710 2840 752 2872 P:
779 2838 952 2883 pulchros
976 2841 1083 2876 ceteri
1115 2842 1121 2885 Ι
1155 2841 1270 2877 uulsit
1294 2842 1387 2878 Rob.
1417 2843 1554 2878 Titius:
1584 2843 1673 2878 ussit

149 2894 174 2926 0
192 2892 207 2937 Ι
232 2896 275 2928 14
299 2897 315 2928 i
334 2892 443 2929 mites
455 2897 485 2927 V
504 2893 666 2930 immites
678 2899 724 2931 D:
755 2896 947 2935 inmittens
966 2902 998 2933 Π
1015 2899 1220 2936 immittens
1239 2904 1266 2934 r
