1898 3190
228 141 353 179 XVIII
807 143 1189 180 PROLEGOMENA.

408 249 615 300 Quamuis
645 253 689 292 te
720 251 876 307 longae
907 254 1177 295 remorentur
1206 252 1300 295 fata
1331 255 1539 310 senectae,

474 321 585 364 Cara
614 324 762 363 tamen
793 322 984 365 lacrimis
1017 338 1116 366 ossa
1146 323 1294 365 futura
1323 324 1444 366 meis.

409 391 528 441 Quae
559 394 607 436 tu
637 393 739 435 uiua
769 408 866 435 mea
895 395 1036 448 possis
1069 394 1229 437 sentire
1259 394 1425 437 fauilla!

474 463 583 505 Tum
617 464 723 506 mihi
754 479 841 507 non
871 465 959 507 ullo
991 480 1107 508 mors
1141 465 1198 507 sit
1229 480 1376 508 amara
1406 466 1514 509 loco.

230 545 299 587 his
331 548 535 600 quattuor
566 545 764 588 uersibus
795 547 1058 590 nouissimus
1097 547 1235 590 editor
1265 563 1410 591 cruces
1447 549 1547 591 illas
1578 564 1758 605 praepo-

231 616 330 672 suit,
356 631 464 672 quae
490 617 607 658 locos
632 617 862 659 insanabili
883 618 1059 660 uulnere
1084 618 1278 661 adflictos
1299 618 1539 675 designant.
1574 622 1757 675 tempte-

229 703 325 730 mus
357 702 462 729 num
493 687 666 729 fauente
693 688 764 730 dia
783 687 942 731 Critica
973 689 1210 744 desperatis
1242 690 1380 732 uitam
1410 690 1585 733 reddere
1615 691 1757 734 liceat.

230 759 383 800 mortis
423 758 505 800 sibi
544 758 751 800 instantis
784 752 1052 815 ⁸cogitatione
1090 761 1246 802 misere
1285 762 1478 816 agitatus
1515 763 1647 816 poeta
1687 763 1758 804 uel

230 831 330 884 post
367 829 534 871 obitum
566 843 612 871 se
644 828 876 884 Cynthiam
908 845 1002 872 esse
1040 834 1283 873 amaturum
1313 832 1558 888 profitetur,
1593 847 1672 875 nec
1702 833 1757 875 ab

229 901 318 942 ulla
361 899 475 955 apud
518 900 678 943 inferos
720 901 897 943 heroine
934 901 1126 944 formosa
1169 902 1281 944 hanc
1317 905 1588 945 constantem
1630 903 1758 946 fidem

231 971 339 1026 eripi
371 971 454 1013 sibi
485 985 724 1026 passurum.
766 972 853 1014 iam
884 973 1042 1028 pergit:
1068 972 1220 1027 quodsi
1250 976 1352 1029 post
1381 973 1559 1030 longum
1589 976 1760 1030 tempus

231 1042 448 1096 morieris,
478 1044 572 1083 tum
602 1045 774 1084 mortua
806 1058 973 1099 quoquc
1005 1044 1112 1085 mihi
1143 1044 1320 1086 umbrae
1357 1059 1457 1087 cara
1488 1045 1591 1099 eris,
1629 1044 1760 1087 dulci-

230 1113 397 1168 busque
429 1115 472 1154 te
504 1113 715 1168 excipiam
746 1114 937 1156 lacrimis
948 1112 1001 1171 ²³).
1046 1113 1277 1169 prudenter
1295 1115 1545 1171 Propertius
1576 1115 1621 1158 id
1646 1115 1760 1171 quod

230 1186 296 1226 est
334 1183 404 1225 ‘tu
435 1182 628 1226 mortua'
661 1184 850 1240 imagine
890 1185 973 1227 sibi
1010 1185 1212 1228 adamata
1249 1186 1462 1242 expressit
1496 1200 1574 1241 per
1610 1200 1761 1228 uocem

231 1254 375 1297 ‘ossa'
416 1254 525 1311 (scil.
559 1253 715 1311 ‘tua'),
760 1256 823 1298 sic
864 1256 1098 1298 transitum
1137 1257 1191 1298 ad
1234 1257 1368 1299 uerba
1408 1257 1633 1313 sequentia
1676 1257 1761 1299 sibi

228 1341 512 1381 praeparans;
542 1340 644 1368 nam
677 1326 730 1368 ad
763 1326 892 1368 ‘ossa'
925 1329 1093 1382 spectat
1117 1342 1202 1370 uox
1234 1326 1385 1383 ‘quae'.
1429 1328 1503 1370 sed
1526 1328 1633 1370 haec
1653 1326 1762 1383 Cyn-

229 1397 347 1439 thiae
379 1397 473 1439 uita
505 1396 730 1439 defunctae
762 1412 862 1440 ossa
900 1412 975 1440 cur
1004 1401 1135 1452 poeta
1166 1400 1290 1453 optat
1319 1401 1369 1441 ut
1401 1413 1480 1440 sua
1515 1398 1668 1441 fauilla
1697 1413 1761 1440 re—

229 1467 476 1510 uiuiscant‘?
517 1468 731 1523 quomodo
762 1468 845 1511 hoc
876 1469 970 1511 fieri
1000 1468 1149 1511 licuit?
1191 1469 1293 1524 quid
1323 1469 1406 1511 hoc
1439 1469 1493 1511 ad
1525 1469 1762 1525 sequentia,

229 1540 276 1581 in
307 1540 462 1594 quibus
499 1541 675 1581 ueretur
712 1539 785 1582 ille
816 1542 865 1582 ut
893 1540 1068 1582 Amoris
1106 1540 1234 1595 culpa
1270 1554 1475 1595 umquam
1513 1554 1619 1585 suus,
1652 1539 1761 1582 cinis

230 1625 329 1653 cum
359 1611 526 1672 puellae
565 1610 706 1652 cinere
739 1610 1054 1667 coniungatur?
1103 1610 1237 1652 uerba
1267 1611 1402 1666 igitur
1432 1609 1502 1654 ‘tu
1531 1611 1634 1653 uiua
1664 1602 1761 1653 mea

230 1681 394 1737 possis'
427 1696 532 1725 sana
570 1695 664 1723 esse
701 1684 929 1737 nequeunt.
984 1696 1075 1723 rem
1115 1683 1259 1723 autem
1291 1681 1375 1724 sibi
1406 1684 1578 1738 gratam
1613 1683 1760 1726 iocun-

231 1753 415 1808 damque
441 1767 594 1808 cupere
621 1752 748 1794 debet
778 1753 815 1794 is
841 1753 962 1795 cuius
988 1753 1188 1808 deinceps
1214 1753 1321 1796 haec
1353 1755 1455 1794 sunt
1485 1753 1618 1795 uerba
1651 1753 1759 1796 ‘tum

231 1824 339 1865 mihi
375 1839 463 1866 non
494 1826 582 1867 ullo
615 1839 732 1867 mors
764 1825 821 1866 sit
857 1838 1004 1866 amara
1036 1823 1160 1867 loco'.
1215 1827 1260 1866 et
1291 1823 1392 1879 quid
1429 1822 1501 1865 ille
1538 1824 1759 1867 desideriis

233 1896 323 1938 suis
351 1895 591 1951 efflagitat?
634 1896 797 1938 scilicet
821 1897 870 1937 ut
889 1894 1078 1950 Cynthia
1096 1898 1268 1938 mortua
1287 1908 1430 1936 secum
1451 1895 1509 1936 sit
1528 1896 1572 1936 et
1597 1893 1759 1936 ‘mixtis

230 1968 400 2010 ossibus
433 1982 532 2009 ossa
562 1966 697 2009 terat'
731 1965 812 2022 (IV
844 1967 881 2021 7,
907 1966 965 2008 94
997 1968 1040 2008 et
1070 1966 1115 2008 II
1143 1965 1209 2021 13,
1235 1965 1290 2007 39
1312 1964 1434 2022 sqq.).
1477 1965 1653 2008 uidesne
1684 1965 1759 2007 ali-

233 2038 362 2094 quid?
412 2038 617 2080 damnum
654 2037 915 2093 nescioquod
946 2037 992 2079 in
1022 2039 1166 2079 uetere
1198 2036 1434 2091 exemplari
1471 2037 1643 2091 ceperat
1673 2050 1759 2078 me-

233 2109 329 2151 dius
361 2123 531 2164 uersus,
570 2108 684 2165 quod
714 2110 943 2164 utcumque
981 2107 1170 2150 eleuauit
1200 2108 1272 2162 qui
1304 2106 1542 2161 descripsit.
1590 2107 1759 2159 melius,

233 2181 319 2223 nisi
343 2182 485 2236 fallor,
516 2181 578 2222 ita
603 2180 831 2222 eleuasset:
867 2179 990 2235 ‘quae
1015 2192 1107 2221 eum
1130 2178 1261 2220 mixta
1285 2192 1382 2220 mea
1406 2178 1568 2232 possim
1599 2178 1760 2220 sentire

232 2252 418 2307 fauissa’,
457 2252 502 2293 in
541 2251 697 2306 quibus
736 2250 949 2293 sentiendi
985 2249 1166 2292 uerbum
1205 2249 1456 2291 inlustrabit
1485 2251 1759 2304 comparatus

231 2324 352 2365 locus
386 2322 458 2376 qui
484 2323 603 2363 extat
633 2320 676 2362 H
703 2321 769 2375 13,
795 2321 851 2362 41
874 2335 935 2375 sq.
975 2320 1084 2362 addo
1112 2334 1163 2362 ex
1194 2320 1409 2375 prioribus
1435 2320 1597 2362 criticis
1627 2333 1759 2362 unum

231 2393 406 2434 Astium
438 2392 612 2434 ueritati
644 2407 774 2447 quam
805 2392 1047 2447 proximum
1077 2391 1232 2446 fuisse,
1262 2405 1358 2433 cum
1389 2390 1606 2434 coniceret
1635 2389 1759 2444 ‘quae

233 2464 283 2518 si,
315 2463 422 2518 uita,
459 2477 555 2505 mea
585 2463 726 2518 possis
759 2464 935 2505 miscere
967 2461 1150 2516 fauilla'3
1189 2476 1267 2504 nec
1297 2464 1444 2504 tamen
1474 2461 1759 2504 mutationem

233 2535 351 2576 intra
381 2549 482 2578 suos
513 2534 708 2577 cohibuit
737 2535 857 2576 fines.
880 2558 930 2564 -—
964 2532 1008 2575 ΙΙ
1032 2534 1073 2588 2,
1099 2533 1262 2575 9—12:

411 2604 560 2654 Qualis
593 2608 636 2647 et
666 2604 945 2647 Ischomache
977 2603 1188 2659 Lapithae
1219 2617 1353 2659 genus
1383 2602 1560 2644 heroine

476 2674 701 2717 Centauris
733 2675 872 2717 medio
904 2676 1029 2730 grata
1058 2674 1211 2729 rapina
1240 2687 1369 2715 mero.

334 2769 368 2815 *)
396 2768 576 2804 ‘lacrimis
597 2788 642 2794 ——
661 2767 768 2803 meis’
798 2769 858 2814 (=
877 2766 1088 2803 lacrimanti
1111 2766 1220 2802 mihi:
1247 2766 1292 2801 cf.
1316 2765 1333 2800 I
1357 2769 1392 2810 3,
1415 2766 1478 2811 46)
1501 2765 1759 2811 accipiendum

241 2832 301 2866 est
326 2829 373 2865 de
402 2827 539 2874 guttis,
573 2838 664 2872 quas
695 2827 800 2863 elicit
829 2826 986 2862 laetitia.
1036 2826 1081 2862 de
1115 2826 1327 2862 umbrarum
1359 2824 1523 2860 lacrimis
1552 2824 1599 2860 cf.
1623 2836 1679 2861 ex.
1703 2837 1761 2871 gr.

233 2889 283 2924 IV
312 2892 349 2934 7,
377 2891 433 2924 69.
