1898 3190
253 163 308 205 10
433 183 435 186 Α
766 164 1027 200 PROPERTII
1054 166 1142 201 ΜΒ.
1170 167 1196 202 1.
1222 171 1254 202 6.

368 272 449 314 His
482 286 562 327 ego
594 287 683 315 non
714 273 865 315 horam
897 287 1072 328 possum
1104 273 1255 317 durare
1288 277 1509 331 querellis:

429 343 469 384 A
494 346 661 398 pereat,
694 344 729 385 si
763 344 858 400 quis
890 345 1033 386 lentus
1067 359 1211 387 amare
1242 347 1406 400 potest!

366 414 438 456 An
469 414 576 457 mihi
608 415 665 457 sit
694 415 807 457 tanti
839 415 986 458 doctas
1019 430 1276 471 cognoscere
1307 416 1504 461 Athenas

427 485 571 541 Atque
602 485 734 528 Asiae
766 488 933 528 ueteres
966 501 1137 529 cernere
1168 487 1363 544 diuitias,

311 567 352 598 15
367 556 427 599 Ut
458 557 566 598 mihi
597 556 777 599 deducta
807 557 941 600 faeiat
971 558 1165 600 conuicia
1195 559 1331 614 puppi

429 627 616 683 Cynthia
649 630 691 669 et
721 628 885 670 insanis
919 644 994 671 ora
1025 631 1149 671 notet
1179 630 1393 686 manibus,

369 698 610 754 Osculaque
642 714 667 741 a
697 699 841 754 posito
873 700 990 742 dicat
1021 700 1103 742 sibi
1135 700 1280 743 debita
1311 704 1443 744 uento

426 769 486 811 Et
516 770 628 812 nihil
659 770 791 812 infido
824 771 970 813 durius
1003 786 1096 813 esse
1127 772 1252 814 uiro‘?

368 840 435 883 Tu
466 841 609 895 patrui
642 841 820 883 meritas
852 855 1006 883 conare
1037 842 1201 884 anteire
1234 857 1402 885 secures

308 924 353 955 20
426 911 487 954 Et
517 913 666 953 uetera
697 911 845 953 oblitis
878 912 973 954 iura
1004 911 1116 954 refer
1148 913 1293 955 sociis:

363 982 478 1026 Nam
509 985 586 1025 tua
616 997 704 1024 non
737 984 856 1024 aetas
889 997 1094 1038 umquam
1127 984 1313 1026 cessauit
1344 986 1502 1040 amori,

424 1053 600 1108 Semper
632 1055 678 1094 at
709 1055 902 1094 armatae
935 1068 1036 1095 cura
1068 1053 1151 1095 fuit
1183 1055 1368 1112 patriae3

363 1124 422 1166 Et
453 1124 533 1166 tibi
564 1139 652 1166 non
682 1138 887 1178 umquam
918 1127 1091 1166 nostros
1123 1140 1230 1179 puer
1260 1125 1343 1168 iste
1375 1126 1546 1170 labores

422 1195 602 1237 Adferat
634 1197 677 1236 et
707 1194 894 1236 lacrimis
927 1195 1072 1237 omnia
1103 1197 1208 1238 nota
1239 1197 1359 1239 meis.

304 1284 348 1315 25
363 1272 433 1314 Μ6
467 1272 578 1328 sine,
610 1287 736 1327 quem
768 1272 909 1314 uoluit
941 1286 1109 1334 semper
1140 1272 1331 1315 Fortuna
1361 1274 1518 1331 iacere,

422 1343 546 1387 Hanc
579 1345 768 1387 animam
801 1346 1016 1386 extremae
1047 1344 1222 1388 reddere
1257 1346 1486 1402 nequitiae.

363 1415 490 1458 Multi
521 1416 761 1472 longinquo
794 1415 958 1470 periere
989 1416 1034 1457 in
1067 1431 1210 1458 amore
1243 1417 1446 1473 libenter,

423 1487 474 1529 In
507 1502 691 1542 quorum
721 1501 899 1529 numero
931 1501 999 1529 me
1032 1502 1201 1542 quoque
1232 1490 1349 1530 terra
1379 1491 1512 1545 tegat.

362 1558 465 1601 Non
497 1573 577 1615 ego
610 1573 704 1600 sum
735 1558 870 1613 laudi,
901 1572 989 1600 non
1019 1560 1145 1601 natus
1177 1559 1355 1602 idoneus
1387 1561 1538 1603 armis:

305 1647 350 1678 30
423 1635 548 1677 Hanc
579 1650 647 1677 mc
680 1634 881 1677 militiam
911 1635 1003 1677 fata
1036 1635 1179 1677 subire
1210 1636 1373 1679 uolunt.

363 1706 423 1748 At
454 1709 503 1748 tu
535 1721 610 1748 scu
641 1706 784 1748 mollis
817 1721 901 1762 qua
931 1706 1072 1748 tendit
1102 1706 1225 1749 Ionia
1257 1722 1332 1750 seu
1364 1723 1448 1763 qua

422 1777 559 1833 Lydia
589 1777 756 1819 Pactoli
788 1777 919 1832 tingit
952 1778 1073 1819 arata
1090 1777 1262 1840 'liquor‚

363 1848 445 1891 Seu
476 1848 659 1904 pedibus
692 1850 828 1891 terras
862 1862 935 1889 seu
965 1850 1145 1903 pontum
1177 1863 1350 1904 carpere
1382 1850 1510 1892 remis

338 2072 426 2108 VAR.
454 2086 550 2108 Lacr.
604 2075 645 2106 11
682 2070 843 2116 querelis
869 2074 893 2104 0
925 2072 937 2116 ΙΙ
969 2075 1010 2106 12
1048 2072 1099 2107 ha
1123 2075 1152 2105 A
1171 2076 1216 2117 F,
1241 2073 1291 2108 ah
1316 2074 1421 2109 ceteri
1453 2074 1459 2118 Ι
1492 2085 1618 2110 amore
1642 2078 1673 2109 A
1691 2079 1719 2109 F
1737 2079 1768 2110 N

240 2133 294 2177 (in
319 2132 375 2167 his
400 2132 541 2167 duobus
566 2142 656 2167 corr.
683 2142 728 2166 m.
755 2131 795 2175 2)
827 2131 839 2175 ΙΙ
872 2133 915 2164 14
951 2131 1116 2178 cernere]
1142 2134 1171 2165 V
1196 2143 1240 2167 m.
1267 2135 1294 2167 2
1318 2143 1386 2178 my.
1412 2143 1564 2168 noscere
1585 2134 1591 2178 1
1613 2132 1768 2169 diuicias

239 2195 269 2225 A
288 2195 319 2226 N
338 2193 350 2236 ΙΙ
372 2195 413 2226 15
440 2191 534 2226 deest
558 2191 636 2226 sine
660 2190 855 2225 interuallo
880 2190 922 2225 in
946 2192 976 2223 A
994 2193 1021 2223 F
1047 2191 1102 2235 (in
1120 2190 1184 2226 illo
1203 2202 1247 2226 m.
1267 2202 1335 2227 ree.
1362 2203 1430 2237 my.
1457 2191 1619 2236 addidit,
1644 2193 1686 2227 in
1703 2193 1769 2228 hoc

239 2262 326 2296 my:
348 2251 434 2295 def.)
457 2250 462 2297 Ι
484 2249 597 2285 fatiat
616 2253 660 2284 οῆ
679 2248 773 2284 uitia
786 2247 922 2294 pupils
937 2248 1141 2284 conuitial)
1160 2250 1172 2294 ΙΙ
1193 2253 1235 2284 17
1256 2249 1414 2294 aposito
1426 2249 1574 2295 scripsi:
1594 2250 1766 2296 opposito

241 2314 265 2344 0
286 2311 328 2345 ut
352 2309 475 2355 posito
496 2309 773 2351 Lachmannus;
800 2308 971 2353 opposito
993 2329 1036 2334 —
1056 2310 1171 2354 ponto
1197 2308 1418 2344 Fonteinius
1450 2310 1455 2353 Ι
1489 2307 1616 2344 debita
1639 2311 1670 2342 A
1687 2311 1716 2342 r
1733 2313 1766 2344 Π

239 2369 284 2413 (V
307 2379 375 2414 my.
402 2379 448 2403 m.
475 2368 534 2413 2):
561 2366 687 2402 dedita
711 2371 739 2400 D
758 2370 788 2400 V
814 2367 1014 2411 (contraria
1038 2368 1096 2402 hic
1120 2379 1188 2413 my.
1213 2378 1259 2403 m.
1285 2369 1325 2412 2)
1363 2369 1375 2413 ΙΙ
1413 2371 1456 2402 19
1494 2378 1640 2403 securas
1664 2371 1735 2402 AF
1753 2368 1763 2414 ΙΙ

239 2432 285 2463 20
312 2426 418 2462 sotiis
443 2430 470 2460 D
491 2430 517 2459 F
537 2429 566 2458 V
597 2427 609 2470 11
640 2429 683 2460 21
711 2435 912 2470 numquam
938 2428 968 2459 A
987 2429 1014 2459 F
1040 2427 1084 2471 (V
1108 2437 1152 2462 m.
1179 2427 1220 2471 2)
1245 2427 1258 2471 ΙΙ
1276 2430 1320 2461 22
1353 2427 1394 2462 at
1419 2429 1461 2462 0:
1487 2427 1525 2462 et
1549 2436 1572 2464 ς
1593 2427 1599 2471 Ι
1619 2428 1764 2463 armato

240 2485 534 2522 Hemsterhusius
553 2486 564 2529 ΙΙ
583 2488 628 2520 23
655 2495 821 2529 unquam
845 2485 886 2519 in
910 2495 1099 2529 nunquam
1125 2495 1216 2520 corr.
1236 2488 1263 2518 F
1289 2488 1322 2520 et
1346 2488 1375 2519 V
1399 2497 1444 2521 m.
1463 2487 1520 2531 211
1539 2489 1585 2521 24
1610 2485 1765 2522 Adferat

239 2549 269 2580 A
287 2549 335 2581 N:
367 2545 511 2580 Afferat
536 2544 641 2580 ceteri
681 2546 686 2589 Ι
726 2543 850 2579 omnia
875 2547 918 2578 0:
950 2543 1084 2579 ultima
1110 2554 1131 2581 ς
1166 2544 1310 2580 somnia
1336 2544 1570 2581 Passeratius
1594 2548 1632 2580 a!
1664 2545 1765 2581 mala

237 2605 399 2640 Jacobus
432 2604 437 2648 l
470 2604 560 2638 uota
584 2606 611 2635 F
637 2603 742 2648 (corr.
768 2614 814 2637 m.
839 2604 879 2648 2)
905 2605 938 2638 et
961 2607 989 2636 D
1015 2614 1082 2648 my.
1106 2613 1176 2648 pro
1201 2614 1282 2640 uar.
1308 2604 1383 2639 lect.
1415 2606 1427 2649 ΙΙ
1457 2607 1502 2639 25
1533 2603 1661 2650 quem]
1686 2603 1763 2639 iam

239 2667 269 2698 A
287 2667 314 2697 F
339 2664 395 2708 (in
418 2663 492 2698 hoe.
519 2672 609 2697 corr.
635 2673 680 2697 m.
707 2663 748 2706 2)
771 2664 775 2706 Ι
796 2661 870 2696 uol.
898 2672 1044 2706 semper
1067 2666 1095 2695 1)
1115 2665 1161 2698 V:
1188 2673 1334 2708 semper
1357 2663 1430 2699 uol.
1451 2663 1557 2698 ceteri
1571 2664 1614 2708 (V
1631 2674 1677 2698 m.
1691 2663 1732 2706 2)
1751 2662 1764 2709 Η

239 2728 285 2759 26
305 2721 475 2766 nequicie
494 2724 540 2764 A3
567 2722 733 2756 extrema
752 2741 795 2747 —
816 2720 985 2765 nequitia
1005 2720 1248 2769 Fonteiniusss
1262 2726 1305 2758 27
1326 2721 1424 2757 Mult
1443 2721 1523 2767 (ita)
1542 2723 1573 2755 A
1591 2719 1701 2756 Malu·
1718 2731 1763 2756 ea:

239 2782 360 2817 Multii
386 2791 476 2816 corr.
502 2783 529 2813 F
560 2783 564 2823 Ι
595 2780 780 2824 longaeuo
807 2779 1028 2815 Fonteinius
1058 2782 1070 2826 ΙΙ
1101 2785 1146 2816 28
1172 2793 1231 2817 1116
1256 2792 1339 2817 mea
1362 2782 1462 2817 terra
1485 2780 1728 2816 Bwrmannus
1749 2779 1762 2827 Η

240 2844 283 2875 29
309 2840 474 2885 ydoneus
500 2841 530 2872 A
565 2840 577 2883 ΙΙ
614 2843 658 2874 30
691 2838 869 2874 miliciam
894 2841 924 2873 A
960 2840 972 2884 Η
1008 2843 1051 2874 31
1086 2839 1186 2875 tudit
1209 2844 1255 2885 1²,
1286 2850 1379 2876 corr.
1404 2851 1448 2876 m.
1475 2842 1501 2875 2
1537 2841 1550 2884 ss
1586 2843 1630 2874 32
1654 2838 1762 2874 Lidia.

239 2902 352 2934 ΑΕΗ
373 2899 379 2943 Ι
400 2897 540 2943 tinguit
563 2900 632 2931 AF
659 2897 776 2943 cingit
800 2901 872 2933 DV
894 2899 898 2943 Ι
921 2899 1044 2934 aratra
1068 2901 1098 2932 V
1123 2910 1167 2934 m.
1193 2902 1220 2936 2
