1898 3190
241 156 299 198 50
744 158 1006 194 PROPERTII
1030 159 1119 195 LIB.
1145 158 1191 195 ΙΙ.
1217 163 1250 195 8.

302 275 344 307 15
358 264 649 321 Ecquandone
679 267 762 309 tibi
793 247 905 308 siber
936 282 1031 308 sum
1062 267 1213 309 uisus?
1245 282 1299 309 an
1329 282 1463 324 usque

418 336 469 378 In
502 340 697 379 nostrum
730 337 858 379 iacies
892 338 1023 379 uerba
1054 338 1240 392 superba
1271 337 1428 393 caput?

991 436 1014 461 ,μ

873 495 895 520 *
1110 495 1133 519 *

362 559 431 602 Sic
463 561 598 616 igitur
627 562 769 616 prima
799 564 982 606 moriere
1014 565 1174 618 aetate,
1206 562 1431 617 Properti?

419 630 502 674 Sed
533 647 718 689 morere,
750 634 925 676 interitu
957 634 1144 690 gaudeat
1173 634 1249 675 illa
1278 636 1372 689 tuo,

358 701 563 757 Exagitet
594 707 766 746 nostros
798 704 964 756 Manes,
997 707 1181 746 sectetur
1213 707 1256 746 et
1287 704 1484 758 umbras,

300 784 344 815 20
418 773 686 830 Insultetque
719 776 855 831 rogis,
888 776 1023 818 calcet
1055 778 1097 816 et
1128 789 1228 816 ossa
1258 789 1364 817 mea.

359 844 498 893 Quid?
530 860 617 887 non
649 846 895 902 Antigonae
926 847 1093 888 tumulo
1125 846 1332 889 Boeotius
1365 845 1561 888 Haemon
1587 895 1593 902 ⁴

421 913 594 957 Corruit
623 916 715 971 ipse
747 932 825 959 suo
858 918 1028 959 saucius
1061 932 1160 959 ense
1192 918 1325 973 latus,

357 984 418 1027 Et
450 1001 527 1028 sua
558 1001 655 1028 cum
686 987 870 1029 miserae
901 989 1150 1042 permiscuit
1181 1003 1281 1031 ossa
1311 988 1497 1043 puellae,

419 1056 513 1107 Qua
545 1058 636 1099 sine
668 1057 920 1100 Thebanam
951 1059 1094 1101 noluit
1123 1060 1184 1101 ire
1216 1059 1420 1101 domum?

300 1139 343 1170 25
359 1127 440 1170 Sed
471 1143 560 1171 non
591 1128 768 1170 efficies:
801 1144 966 1171 mecum
998 1130 1195 1172 moriaris
1227 1132 1415 1185 oportet:

417 1199 513 1241 Hoc
545 1199 694 1241 eodem
725 1199 840 1242 ferro
873 1200 1010 1242 stillet
1041 1203 1220 1257 uterque
1252 1215 1388 1243 cruor.

361 1270 567 1320 Quamuis
599 1271 686 1313 ista
718 1271 823 1312 mihi
855 1286 970 1314 mors
1003 1274 1069 1314 est
1099 1272 1331 1315 inhonesta
1361 1271 1524 1314 futura:

417 1341 536 1384 Mors
567 1341 797 1385 inhonesta
829 1343 1018 1398 quidem,
1049 1346 1096 1386 tu
1129 1343 1308 1385 moriere
1339 1345 1497 1385 tamen.

993 1441 1016 1465 η(

872 1500 895 1524 *
1110 1500 1132 1524 *

363 1566 444 1608 Ille
477 1566 607 1608 etiam
640 1567 820 1622 abrepta
851 1567 1045 1609 desertus
1078 1568 1260 1624 coniuge
1291 1568 1485 1610 Achilles

300 1649 346 1679 30
419 1636 600 1680 Cessare
631 1638 679 1680 in
708 1638 836 1680 tectis
867 1638 1047 1693 pertulit
1078 1653 1198 1681 arma
1231 1654 1320 1681 sua.

336 1767 426 1803 Vim.
454 1779 551 1802 mecm.
603 1770 646 1801 15
675 1767 727 1802 Ec
752 1767 900 1811 quando
925 1757 972 1802 n‘e
997 1770 1045 1802 N:
1072 1767 1120 1802 Et
1145 1768 1180 1812 (c
1205 1778 1250 1803 m.
1276 1770 1302 1803 2
1326 1769 1525 1814 suprascr.)
1550 1767 1698 1812 quando
1723 1777 1770 1803 ue

239 1831 267 1861 F
292 1827 341 1862 Et
366 1827 514 1872 quando
539 1837 586 1861 ne
605 1831 633 1860 Ι)
653 1829 699 1871 V;
723 1827 880 1872 grauius
904 1827 989 1862 haec
1014 1830 1204 1872 corrupta;
1238 1830 1380 1872 eoepecto
1405 1827 1454 1862 Et
1477 1826 1625 1871 quando
1651 1825 1770 1861 cecidi

240 1887 335 1922 liber
355 1898 435 1921 sum
455 1886 549 1922 risus
569 1891 586 1921 ⁴?
611 1886 776 1931 adusque
795 1897 863 1932 eqs,
889 1887 929 1922 id
948 1890 1014 1931 est,
1042 1887 1149 1921 etiam
1164 1890 1248 1931 post
1265 1889 1410 1922 mortem
1430 1886 1532 1921 nullo
1556 1886 1771 1931 impediente

242 1946 321 1981 ioco
345 1949 378 1981 et
402 1946 534 1981 irrisui
552 1945 638 1981 ero?
664 1946 707 1980 de
731 1945 826 1980 risus
851 1955 936 1980 uoce
961 1946 1005 1989 cf.
1034 1945 1084 1980 111
1111 1949 1167 1990 24,
1194 1950 1236 1980 21
1271 1947 1276 1990 Ι
1305 1955 1468 1990 anusque
1487 1948 1518 1978 N
1538 1948 1743 1990 anusque!¹
1758 1945 1770 1991 Η

241 2017 304 2040 uu.
336 2009 473 2040 13—-16
500 2006 549 2041 ad
567 2005 702 2050 priora
726 2015 801 2040 non
820 2005 1003 2050 pertinere
1027 2005 1207 2040 intelleaeit
1231 2005 1510 2049 Lachmannus,
1541 2005 1606 2050 qui
1629 2007 1662 2040 et
1685 2004 1772 2039 inde

240 2077 264 2100 a
289 2076 325 2100 u.
355 2069 398 2100 17
423 2075 559 2100 nouam
584 2065 744 2110 incipere
768 2065 917 2110 elegiam
941 2065 1023 2100 iure
1047 2065 1231 2100 contendit
1272 2065 1285 2109 ΙΙ
1327 2068 1370 2099 21
1405 2063 1580 2109 antigone
1607 2066 1648 2098 0:
1675 2062 1772 2098 anti-

240 2135 356 2171 gones
382 2134 404 2162 ς
429 2125 541 2169 uulyo
564 2125 569 2169 ξ
589 2124 737 2160 boetius
763 2124 899 2160 hemon
926 2127 950 2158 0
978 2123 1143 2169 (boecius
1169 2127 1200 2157 R
1224 2123 1362 2170 hemon
1387 2126 1418 2157 V
1442 2134 1487 2158 m.
1507 2122 1548 2167 2)
1566 2124 1579 2168 ΙΙ
1598 2126 1642 2157 23
1668 2122 1770 2168 cum]

240 2188 267 2217 F
293 2194 362 2229 my.
388 2194 431 2220 m.
458 2187 484 2220 2
511 2185 552 2219 ai
577 2195 666 2219 cura
701 2184 714 2228 ΙΙ
751 2187 796 2219 24
840 2183 922 2226 Qua
947 2184 1110 2229 (uiryula
1136 2194 1180 2217 m.
1207 2186 1233 2219 2
1259 2183 1387 2227 deleta)
1414 2186 1442 2216 Ε
1489 2183 1494 2227 Ι
1533 2181 1653 2217 nollet
1675 2181 1771 2217 inire

240 2243 285 2279 L.
309 2243 529 2286 Muelleru33
549 2243 761 2287 praeplacet
780 2242 876 2278 nolit
894 2242 996 2278 abire
1016 2242 1181 2287 (habere)
1200 2243 1213 2288 ss
1231 2245 1275 2276 25
1302 2253 1375 2277 non
1394 2252 1509 2286 supra
1528 2241 1592 2277 lin.
1613 2243 1644 2274 Ν
1663 2251 1708 2275 m.
1722 2244 1742 2275 1
1763 2239 1767 2287 Ι

241 2301 380 2337 efficies
405 2304 448 2336 0:
481 2300 636 2347 effugies
661 2305 692 2335 N
723 2313 768 2336 m.
794 2304 815 2336 1
842 2311 932 2337 corr.
955 2292 998 2344 ’ςς
1037 2312 1111 2345 qua
1141 2301 1340 2336 mutatione
1371 2311 1446 2335 non
1477 2310 1568 2346 opus
1598 2303 1649 2335 est
1679 2303 1770 2336 recto

239 2372 412 2396 uersuum
437 2362 565 2396 ordine
590 2362 755 2396 restituto
780 2361 868 2404 (non
894 2359 1049 2404 efficies,
1076 2360 1115 2395 id
1139 2363 1206 2404 est,
1232 2370 1307 2394 non
1323 2352 1471 2394 *mortuo
1501 2359 1591 2394 mihi
1613 2359 1769 2394 insulta—

242 2421 312 2465 bis,
339 2431 414 2456 non
437 2430 550 2465 usque
574 2420 688 2455 uerba
711 2420 754 2454 in
777 2430 831 2454 me
855 2419 978 2463 iacies)
1002 2420 1015 2464 ΙΙ
1041 2422 1086 2454 26
1111 2418 1209 2454 ferro
1235 2418 1366 2454 eodem
1390 2421 1422 2452 Ν
1440 2418 1453 2462 ΙΙ
1478 2421 1522 2452 27
1547 2417 1652 2453 stilet
1674 2421 1720 2462 1),
1739 2420 1770 2451 V

240 2490 285 2514 m.
307 2483 327 2514 1
347 2481 359 2524 ΙΙ
375 2482 458 2524 post
482 2482 527 2514 28
554 2480 708 2514 lacunae
731 2479 840 2524 siyna
859 2478 972 2523 posui
979 2493 988 2522 3
1022 2489 1135 2523 neque
1159 2478 1254 2513 enim
1278 2477 1418 2512 Achilli
1440 2477 1482 2511 in
1506 2470 1625 2521 erepto
1649 2487 1770 2511 amore

240 2539 420 2574 saeuienti
451 2539 644 2583 quicquam
679 2541 729 2573 est
761 2549 841 2572 cum
870 2537 1064 2582 Propertio
1096 2537 1242 2582 puellae
1272 2539 1384 2571 morte
1417 2538 1563 2570 mortem
1590 2535 1769 2580 subitwro,

241 2598 348 2632 immo
373 2608 436 2632 uu.
464 2600 604 2632 29-40
637 2600 727 2642 apta
757 2599 844 2632 swnt
874 2597 1041 2632 clausula
1066 2607 1129 2631 uu.
1158 2598 1291 2640 1-12,
1326 2598 1368 2630 ut
1398 2597 1517 2629 tamen
1547 2594 1643 2629 inter
1670 2597 1712 2629 12
1737 2597 1770 2629 et

243 2660 287 2691 29
314 2657 457 2701 aliquid
481 2656 706 2692 intercidisse
729 2656 962 2691 statuendum
987 2656 1045 2691 sit.
1085 2656 1160 2690 iam
1190 2655 1224 2689 si
1254 2666 1318 2690 uu.
1344 2654 1478 2689 medios
1501 2654 1557 2687 ita
1581 2652 1770 2688 ordinatos

243 2717 343 2759 (nam
368 2715 555 2750 turbatum
579 2717 743 2750 ordinem
760 2717 876 2751 multa
895 2715 1069 2759 clamant)
1098 2717 1247 2757 17-20‚
1276 2717 1425 2757 13—16,
1451 2714 1602 2756 25-28,
1628 2714 1769 2746 21-24

242 2774 510 2818 transposueris
535 2777 619 2809 ante
644 2774 695 2808 IX
715 2778 866 2818 49——52‚
891 2775 978 2809 haec
1004 2774 1200 2809 coniuncta
1217 2773 1370 2815 iustum,
1395 2771 1438 2805 ni
1459 2770 1589 2814 fallor,
1614 2769 1769 2814 efficient

242 2844 387 2868 carmen
411 2833 563 2877 (similia
586 2833 662 2868 iam
682 2832 829 2868 Garutti
845 2832 1041 2876 statuebat,
1067 2831 1263 2867 dissimilia
1281 2830 1328 2864 A.
1349 2829 1515 2863 Lindmr
1532 2829 1574 2863 in
1592 2827 1767 2864 Fleckeis.

243 2903 329 2926 ann.
357 2903 390 2925 a.
420 2894 510 2925 1864
533 2902 569 2935 p.
597 2892 679 2934 838)
698 2891 711 2935 ΙΙ
730 2894 775 2925 30
800 2890 837 2925 in
862 2890 981 2925 thecis
1008 2889 1172 2935 Gwyetus
