1898 3190
241 149 325 191 128
682 152 940 188 PROPERTII
964 153 1052 188 LIB.
1079 154 1142 191 III.
1169 157 1225 190 11.
1253 158 1307 191 12.

355 258 480 302 Nunc
511 260 586 302 ubi
618 258 843 314 Scipiadae
875 262 1053 314 classes,
1085 262 1159 304 ubi
1191 263 1316 318 signa
1347 261 1536 318 Camilli,

416 331 506 373 Aut
536 331 663 374 modo
694 331 920 388 Pompeia,
950 331 1176 388 Bosphore
1207 335 1353 390 capta,
1384 334 1544 376 manu?

357 402 597 444 Leucadius
628 416 777 444 uersas
810 403 922 445 acies
954 405 1214 447 memorabit
1245 405 1417 460 Apollo.

300 485 343 516 70
417 473 605 515 Tantum
639 474 780 528 operis
813 475 915 516 belli
947 476 1124 517 sustulit
1154 491 1241 518 una
1272 476 1373 519 dies.

357 545 418 586 At
447 546 513 599 tu,
547 545 638 588 siue
670 548 791 600 petes
822 548 974 600 portus
1008 561 1099 602 seu,
1130 547 1299 601 nauita,
1331 547 1517 602 linques,

418 613 617 658 Caesaris
650 616 694 657 in
725 618 819 659 toto
853 617 912 659 sis
945 632 1109 660 memor
1140 617 1277 660 Ionio.

954 846 1057 893 XII.

363 947 587 1004 Postume,
618 950 860 1004 plorantem
892 950 1074 1005 potuisti
1107 950 1296 1005 linquere
1330 950 1518 1006 Gallam,

421 1020 547 1062 Miles
581 1023 624 1062 et
655 1021 844 1077 Augusti
875 1021 1006 1063 fortia
1038 1022 1165 1077 signa
1198 1021 1347 1077 sequi?

363 1090 548 1133 Tantine
581 1091 669 1133 ulla
700 1091 782 1134 fuit
814 1091 989 1147 spoliati
1021 1092 1159 1147 gloria
1189 1092 1360 1148 Parthi,

420 1160 487 1203 Ne
518 1161 654 1203 facias
686 1161 815 1204 Galla
846 1163 984 1204 multa
1014 1165 1196 1218 rogante
1227 1163 1331 1205 tua‘?

328 1232 410 1275 5Si
440 1233 506 1275 fas
540 1236 623 1285 est,
657 1249 804 1276 omnes
836 1234 999 1289 pariter
1030 1234 1216 1289 pereatis
1250 1235 1387 1290 auari,

420 1304 479 1346 Et
510 1305 701 1361 quisquis
734 1306 820 1348 fido
852 1306 1060 1360 praetulit
1092 1320 1211 1347 arma
1242 1306 1355 1348 toro!

362 1376 427 1417 Tu
457 1377 605 1417 tamen
636 1377 794 1418 iniecta
825 1379 986 1431 tectus,
1016 1391 1193 1432 uesane,
1225 1377 1397 1419 lacerna

422 1447 598 1489 Potabis
632 1448 757 1503 galea
789 1447 928 1489 fessus
959 1447 1115 1489 Araxis
1148 1462 1315 1503 aquam.

360 1517 446 1560 Illa
477 1518 647 1573 quidem
679 1518 843 1560 interea
874 1518 992 1560 fama
1022 1519 1215 1560 tabescet
1245 1519 1382 1574 inani,

305 1601 348 1631 10
421 1588 540 1631 Haec
570 1591 646 1631 tua
676 1604 730 1630 ne
761 1589 901 1631 uirtus
932 1589 1010 1631 fiat
1039 1604 1186 1631 amara
1217 1589 1315 1644 tibi,

361 1659 482 1703 Neue
513 1663 589 1702 tua
619 1660 769 1702 Medae
802 1661 1017 1703 laetentur
1049 1659 1176 1702 caede
1209 1660 1411 1716 sagittae,

421 1731 602 1774 Ferreus
635 1735 785 1774 aurato
817 1747 900 1774 neu
933 1731 1235 1786 cataphractus
1269 1746 1398 1787 equo3

362 1802 484 1846 Neue
516 1803 679 1858 aliquid
711 1802 760 1845 de
792 1805 834 1844 te
865 1803 1053 1845 flendum
1084 1803 1296 1845 referatur
1327 1803 1372 1845 in
1403 1818 1529 1856 urna,

422 1874 467 1917 Si
498 1875 681 1929 redient,
711 1874 799 1915 illis
832 1874 904 1929 qui
936 1874 1125 1916 cecidere
1155 1874 1274 1918 loeis.

338 1993 428 2027 VAR.
455 2005 551 2027 mer.
603 1995 646 2026 67
673 1994 706 2026 et
732 1994 775 2026 68
796 1994 881 2035 post
906 1993 951 2025 58
971 1994 1177 2035 posuerunt
1198 1991 1432 2026 Passeratius
1457 1992 1601 2038 aliique,
1624 1984 1707 2038 post
1725 1998 1771 2030 46

243 2052 522 2095 ,Ζαοήτηαηηαες
550 2054 605 2095 57,
633 2054 689 2094 58,
715 2054 792 2085 tum
818 2054 874 2093 67,
902 2053 958 2093 68,
978 2060 1093 2094 porro
1119 2053 1259 2086 59—64
1285 2051 1471 2095 copulatos
1494 2051 1591 2087 inter
1608 2055 1653 2087 46
1675 2057 1707 2088 et
1725 2057 1769 2089 47

243 2112 394 2147 collocat
426 2110 782 2155 Waardenburyiu83
814 2109 905 2144 mihi
930 2113 1069 2144 67-70
1097 2112 1181 2154 post
1207 2113 1251 2144 50
1284 2110 1486 2145 collocandi
1509 2111 1698 2156 uidentur,
1730 2115 1772 2148 ut

243 2174 363 2206 tamen
388 2170 520 2205 alteros
544 2172 717 2214 quattuor
742 2180 804 2204 uu.
832 2172 916 2204 ante
941 2173 984 2203 51
1006 2169 1160 2213 periisse
1180 2172 1303 2213 putem
1339 2170 1351 2214 ΙΙ
1389 2171 1433 2204 68
1465 2169 1594 2216 modo]
1620 2170 1684 2206 ubi
1708 2174 1736 2205 F
1763 2171 1768 2218 1

242 2230 430 2275 bosphore
454 2234 482 2263 1)
502 2232 533 2262 N
560 2230 600 2274 (F
627 2239 693 2274 my.
722 2240 766 2264 m.
793 2229 834 2274 2)
859 2228 1019 2273 hospore
1045 2232 1072 2262 F
1096 2228 1284 2273 bosphora
1309 2231 1339 2262 V
1364 2230 1401 2273 (a
1426 2239 1470 2263 ex
1494 2239 1585 2265 corr.
1606 2228 1641 2274 ,9)
1677 2231 1690 2275 [Ι
1727 2233 1771 2265 70

244 2289 359 2325 subst.
385 2293 412 2323 F
430 2290 443 2335 ss
464 2292 506 2324 72
532 2288 570 2323 in
595 2289 678 2323 tuto
704 2287 910 2332 Franciu83
935 2287 1075 2323 intrato
1101 2298 1161 2332 eqo
1187 2288 1324 2323 conieci

338 2360 419 2395 XII.
469 2359 584 2394 Noua
608 2360 722 2404 eleyia
746 2370 827 2394 cum
852 2359 907 2393 tit.
933 2358 982 2393 ad
1006 2359 1221 2403 postumum
1247 2358 1293 2393 de
1312 2358 1416 2404 galla
1434 2359 1477 2393 in
1495 2357 1581 2406 0113
1600 2358 1671 2394 illa
1689 2358 1772 2406 ςΗ4

244 2419 360 2455 facias
381 2422 423 2454 0:
447 2419 590 2454 faceres
615 2422 642 2452 F
667 2430 712 2454 m.
739 2421 784 2462 2,
810 2421 840 2451 V
864 2428 932 2463 my.
958 2429 1003 2454 m.
1030 2421 1075 2463 2,
1101 2416 1191 2464 ΠΗὸ
1217 2418 1418 2463 pereantur
1441 2420 1468 2450 F
1495 2418 1576 2463 (my.
1603 2430 1647 2455 m.
1673 2422 1700 2455 2
1725 2418 1769 2454 θ’.

244 2478 486 2523 perimantur)
505 2478 518 2522 11
538 2482 558 2512 6
584 2477 692 2512 thoro
717 2481 744 2511 F
763 2480 794 2511 R
822 2477 834 2522 ΙΙ
867 2480 886 2512 7
912 2475 1052 2511 iniecta
1075 2477 1204 2521 πωροι
1230 2476 1371 2511 intecta
1395 2479 1420 2510 0
1446 2475 1499 2522 (in
1522 2477 1624 2512 tecta
1647 2478 1690 2523 D)
1716 2477 1770 2512 in-

244 2538 347 2572 terea
373 2546 394 2574 ς
412 2538 424 2581 ΙΙ
444 2541 464 2572 8
490 2537 596 2572 fexus
621 2540 648 2570 F
667 2539 679 2582 ΙΙ
699 2541 719 2571 9
745 2536 922 2581 quiddam
947 2539 975 2569 F
999 2547 1044 2572 m.
1070 2540 1091 2571 1
1111 2537 1124 2582 ΙΙ
1145 2540 1187 2571 10
1212 2535 1293 2582 tua]
1320 2538 1350 2569 V
1374 2546 1442 2581 my.
1468 2547 1513 2571 m.
1540 2540 1566 2572 2
1591 2536 1735 2573 utinam
1764 2536 1768 2584 Ι
1810 2537 1816 2542 ’

245 2596 315 2631 sibi
341 2606 362 2633 ς
408 2595 413 2642 Ι
459 2595 566 2630 mede
600 2596 763 2643 letentur
787 2599 815 2629 1?
851 2607 896 2630 m.
923 2597 949 2631 2
980 2595 1087 2643 mede
1122 2595 1284 2631 letentur
1315 2598 1364 2630 N:
1399 2605 1459 2630 me
1490 2594 1720 2631 delectentur
1742 2599 1770 2629 Ε·

245 2655 405 2699 med(a)e
430 2655 595 2690 latentur
617 2660 646 2689 Ι)
665 2658 696 2689 V
717 2657 722 2700 Ι
745 2655 891 2700 sagipte
915 2658 942 2688 F
967 2666 1012 2690 m.
1033 2658 1053 2689 1
1073 2656 1086 2700 ΙΙ
1107 2658 1149 2689 12
1177 2654 1321 2689 Sericus
1348 2653 1597 2689 Marklandus
1617 2655 1623 2699 Ι
1644 2655 1771 2690 aerato

245 2715 303 2750 uel
327 2715 471 2750 armato
497 2714 691 2749 Heinsius·
714 2715 719 2760 Ι
760 2714 1021 2759 cataphractus
1046 2717 1139 2758 1)‚F
1164 2725 1208 2749 m.
1234 2716 1278 2758 2,
1303 2715 1334 2746 V
1359 2723 1450 2748 corr.
1479 2713 1556 2758 (alt.
1583 2724 1606 2749 a
1630 2714 1672 2749 in
1695 2724 1769 2749 ras.

245 2776 279 2807 et
302 2774 340 2808 ct
364 2784 408 2808 ex
431 2774 465 2808 tt
490 2774 614 2818 corr.):
641 2773 883 2818 catophratus
908 2776 935 2806 F
950 2775 983 2806 N
1001 2773 1013 2817 ΙΙ
1035 2776 1077 2806 14
1104 2771 1143 2807 Si
1167 2771 1314 2806 redient
1338 2771 1408 2815 (uel
1427 2770 1598 2817 redeunt)
1621 2766 1770 2817 scripsi:

246 2831 285 2867 si
311 2832 463 2868 credent
488 2834 512 2866 0
539 2831 579 2867 Si
604 2831 758 2868 credunt
782 2836 814 2866 H
839 2831 900 2867 Sic
924 2831 1083 2867 redeunt
1106 2834 1137 2865 V
1160 2842 1205 2868 m.
1232 2835 1257 2868 2
1284 2841 1374 2866 corr.
1414 2833 1421 2875 Ι
1461 2841 1558 2875 quae
1581 2835 1611 2865 1)
1637 2831 1715 2877 (qui
1739 2833 1777 2865 V‘

244 2893 300 2927 ita
324 2895 366 2927 ut
390 2890 404 2925 i
429 2902 472 2926 ex
498 2902 589 2928 corr.
615 2892 677 2936 sit)
